2813 4770
877 456 1564 545 -43-429-1--2-

324 634 652 703 Sordidus
723 631 934 701 haud
973 646 1238 721 ‘quoque
1299 626 1415 695 sis.
1471 589 1762 696 Modus
1830 614 1932 695 es't
1986 623 2279 733 optimus

1356 730 1433 798 iu
1457 755 1553 799 re.

327 844 430 909 Ne
455 862 636 929 gere,
669 852 840 929 quae
869 844 1194 939 noceant3
1239 858 1467 929 pensa,
1499 853 1706 923 quam
1742 816 2065 926 coeperis,
2092 842 2275 899 aute.

190 945 280 1015 45
323 948 430 1013 Ne
471 946 660 1035 prius
702 943 1054 1027 admittas
1061 962 1188 1033 per
1231 940 1465 1007 mollia
1502 932 1766 1005 lumina
1807 960 2148 1021 somnum,
2308 936 2315 941 ’

327 1041 605 1135 Singula
648 1069 850 1134 quam
891 1035 1076 1141 longi
1119 1056 1224 1110 ter
1271 1043 1567 1137 volveris
1610 1056 1758 1121 acta
1798 1042 1953 1109 diei.
2110 1104 2117 1113 ,

224 1180 236 1189 ·
332 1150 532 1243 Quae
572 1146 1156 1275 praetergressus?
1202 1144 1387 1239 Quid
1432 1146 1603 1237 gessi
1644 1147 1718 1213 in
1728 1158 2073 1245 tempore,
2102 1126 2279 1241 ,quid

1103 1312 1106 1318 Δ
1202 1314 1207 1320 .
1357 1249 1502 1319 no'n
1518 1252 1553 1317 ’ἓ
1630 1314 1637 1319 .

331 1356 475 1425 Cur
513 1322 628 1423 isti
668 1354 851 1423 facto
899 1356 1100 1425 decus
1156 1354 1423 1423 abfuit?
1466 1363 1588 1421 aut
1626 1348 1800 1419 ratio
1841 1348 1991 1417 ini?

329 1462 392 1528 A
435 1458 670 1550 primis
711 1470 1130 1543 memorans,
1189 1459 1274 1525 ad
1317 1456 1528 1530 finem
1572 1466 2152 1523 cuncta·recense.

190 1560 290 1627 50
331 1562 682 1651 Turpibus
726 1576 867 1629 esto
913 1564 1142 1631 dolens
1186 1562 1415 1643 factis,
1458 1562 1577 1637 sed
1618 1562 1835 1627 laetus
1875 1552 2178 1623 honestis
2196 1580 2218 1617 ι

333 1666 488 1733 Huc
531 1688 737 1755 opus,
789 1668 926 1734 huc
967 1688 1168 1733 curas
1185 1716 1204 1749 ,
1241 1667 1386 1733 huo
1426 1663 1673 1735 mentis
1715 1660 1927 1749 dirige
1972 1660 2170 1729 vires.

332 1768 518 1835 Haec
559 1770 705 1835 diae
749 1780 816 1833 te
859 1769 945 1835 ad
986 1769 1264 1837 virtutis
1307 1767 1586 1853 vestigia
1618 1756 1903 1831 fluctant.
1986 1779 1989 1785 '

331 1870 448 1938 Sic
488 1894 614 1959 per
656 1894 814 1937 eum
830 1886 854 1954 ,'
877 1875 1140 1941 ,nostris
1179 1872 1463 1953 smimis,
1508 1868 1820 1949 affirmo,
1860 1874 2198 1950 tetractyn

333 1973 480 2071 Qui
521 1974 794 2057 tribuit,
839 1973 1096 2041 fontem
1114 2023 1135 2058 ,
1185 1977 1369 2042 unde
1410 1972 1567 2041 fluit
1608 1984 1861 2039 natura.
1896 1965 2239 2057 perennis.

187 2077 286 2147 55
327 2078 430 2144 Ne
471 2088 540 2141 te
583 2076 774 2167 operi
819 2076 1156 2163 accingas,
1200 2076 1328 2141 nisi
1379 2076 1575 2143 divos
1619 2085 1775 2140 ante
1815 2081 2154 2161 precatus.

332 2180 597 2246 Horum
655 2180 714 2245 si
758 2202 1034 2268 compos
1079 2176 1330 2261 factus,
1387 2178 1443 2245 si
1489 2188 1735 2243 cuncta
1778 2171 2070 2253 tenebis;

296 2360 310 2377 ἱ
339 2282 537 2369 Quae
591 2278 678 2346 sit
719 2280 1172 2367 terrigenum,
1231 2304 1425 2368 quae·
1450 2278 1925 2347 convenientia
1969 2275 2202 2343 divum

332 2384 610 2464 Mutua,
655 2405 1042 2472 cognosces3
1088 2384 1224 2471 qua
1264 2394 1550 2450 manant
1588 2394 1793 2469 atque
1834 2389 2159 2468 reguntur

335 2483 616 2571 Singula
628 2509 650 2566 3
693 2497 766 2552 et
799 2499 880 2552 ut
923 2483 1023 2550 fas
1066 2498 1198 2568 est,
1243 2486 1505 2552 cunctis
1546 2486 1624 2552 in
1664 2484 1868 2552 rebus
1908 2483 2203 2550 eundem

198 2587 294 2655 60
333 2590 634 2656 Naturae
677 2611 953 2663 cursum
997 2589 1201 2655 solito
1245 2603 1555 2656 constare
1596 2600 1849 2654 tenore.
1934 2639 1941 2647 .

335 2691 430 2760 Ut
472 2714 567 2767 ne,
602 2692 768 2778 quid
809 2711 1069 2781 speres,
1114 2693 1296 2778 quod
1337 2715 1483 2758 non
1525 2713 1799 2780 sperare
1838 2689 2117 2756 licebat:

223 2863 235 2875 ,
341 2794 593 2861 Omnia
635 2793 750 2859 sed
797 2793 1021 2876 noris,
1066 2817 1290 2882 neque
1332 2817 1444 2860 res
1488 2805 1695 2882 queat
1734 2793 1873 2861 ulla
1913 2793 2146 2858 latere.

335 2897 576 2965 Nosces
617 2908 1000 2984 praeterea,
1045 2895 1365 2963 mon-tales
1405 2919 1607 2986 saepe
1646 2897 1995 2964 malorum

336 3003 498 3068 Esse
539 2999 664 3066 sibi
705 3019 974 3078 causas,
997 2997 1396 3086 ,praesentia
1440 3021 1653 3086 quum
1696 2997 1877 3065 bona
1918 2993 2104 3064 nullo

204 3102 292 3165 65
337 3103 555 3169 Sensu
599 3100 1011 3191 percipiunt.
1058 3099 1298 3166 Finem
1343 3101 1605 3168 novere
1646 3099 1991 3168 malorum

338 3201 707 3288 Perpauciz
777 3202 950 3274 haec
1015 3212 1277 3268 mentes
1348 3201 1712 3269 hominum
1768 3224 1915 3269 sors
1973 3197 2296 3290 percutit,

1368 3316 1573 3389 atque

339 3400 664 3472 Turbinis
703 3401 776 3470 iu
818 3424 1084 3468 morem
1126 3403 1308 3469 mala
1338 3402 1635 3484 “infinita
1685 3406 1975 3474 volutat.

339 3505 516 3574 Nam
559 3501 794 3594 gravis
827 3503 940 3570 illa
981 3525 1203 3572 comes
1259 3505 1372 3573 Lis
1406 3506 1605 3574 intus
1660 3520 1819 3574 nata
1874 3509 2129 3575 latebat

338 3611 610 3674 Damna
649 3603 910 3686 ferens,
954 3602 1272 3696 fugienda
1314 3610 1579 3698 procul,
1620 3632 1763 3676 non
1805 3609 2007 3696 digna
2037 3609 2295 3676 vocari
2344 3584 2351 3595 ¹
2446 3666 2450 3677 .

212 3730 298 3797 70
343 3708 668 3796 luppiter,
716 3695 1062 3774 aerumnis
1105 3709 1440 3794 homines,
1482 3733 1751 3802 precor,
1798 3712 1983 3802 eripe
2026 3711 2299 3794 multis3

347 3809 691 3878 Omnibus
737 3823 860 3880 tlt
901 3812 1126 3900 aperi,
1164 3812 1362 3899 genio
1405 3837 1541 3902 quo
1584 3815 1871 3902 quisque
1912 3825 2212 3901 regatur.

339 3911 437 3979 At
493 3922 574 3991 tu·
613 3911 825 3978 animi
866 3911 1082 3980 fidens
1125 3926 1267 3980 esto
1288 3964 1307 3999 ,
1363 3938 1576 4005 quum
1620 3917 1897 3983 caelitus
1940 3927 2173 3986 ortum

339 4013 654 4080 Deducat
695 4015 988 4081 mortale
1029 4037 1278 4104 genus3
1325 4039 1495 4105 quos
1537 4041 1726 4086 sacra
1768 4019 2090 4106 magistra

342 4117 639 4196 Natura,
683 4113 1036 4180 instituens
1076 4130 1306 4184 sancte
1323 4169 1342 4201 ,
1387 4143 1515 4208 per
1546 4120 1811 4208 singula
1841 4107 2045 4186 ducit.

213 4219 299 4306 75
345 4217 662 4306 Quorum
709 4216 768 4282 si
807 4217 972 4302 quid
1016 4219 1148 4286 eris
1190 4234 1463 4304 nactus,
1504 4243 1658 4288 mea
1695 4223 1876 4308 jussa
1914 4222 2255 4310 sequendo
