2813 4770
1221 468 1419 497 ...-
1504 440 1628 507 250
1701 422 2002 501 '.'-.....

695 612 791 679 16.
835 608 1055 687 Rebus
1106 608 1468 678 mundanis
1529 609 1604 675 ιιι
1651 610 1867 677 causis
1906 621 2180 676 tantum
2221 611 2582 679 necessariis

524 728 733 785 utere.

700 841 800 903 17.
845 816 1045 907 Quae
1076 812 1323 882 mundi
1360 828 1558 897 sunt,
1600 816 1904 883 mundo.
1967 826 2037 881 et
2083 838 2256 904 quae
2287 816 2394 883 dei
2421 828 2586 901 sunt,

521 920 897 995 reddantur
938 916 1084 983 deo.

697 1020 794 1087 18.
842 1023 1086 1089 Certus
1117 1030 1294 1104 esto,
1338 1020 1562 1113 quod
1551 1017 1850 1089 animam
1885 1034 2078 1089 tuam
2109 1020 2311 1088 fidele
2341 1020 2587 1111 deposi-

518 1138 673 1192 tum
706 1124 1046 1211 acceperis
1074 1146 1117 1187 a
1146 1124 1296 1187 den.

694 1248 791 1317 ι9.
839 1227 1017 1336 Cum¹
1055 1224 1351 1313 loqueris
1396 1226 1484 1291 de
1523 1224 1690 1309 den,
1747 1226 1937 1310 scite,
1975 1224 2157 1315 quod
2198 1224 2514 1311 judiceris
2551 1248 2586 1289 a

526 1333 674 1401 deo.
1745 1317 1752 1329 ⁶
2077 1390 2082 1395 .

688 1454 788 1501 2ο.
824 1427 1753 1523 Optimagnpurificationem
1785 1442 2024 1521 putato
2053 1454 2300 1497 nocere
2325 1430 2588 1496 nemini.

690 1538 729 1603 2'
740 1560 790 1603 1.
832 1528 1083 1603 Anima
1120 1534 1528 1623 purificatur
1568 1531 1672 1597 dei
1703 1535 1914 1599 verbo
1948 1557 2072 1622 per
2099 1534 2515 1623 sapientiam.

691 1658 795 1703 22.
837 1637 992 1703 Νοιι
1036 1649 1233 1726 putes
1262 1636 1369 1703 dei
1396 1634 1794 1728 sapientiam
1827 1635 2282 1703 insensibilem
2309 1658 2471 1704 esse.

686 1742 788 1807 25.
833 1742 1015 1806 Deus
1044 1741 1213 1805 sicut
1240 1762 1432 1805 mens
1462 1750 1580 1821 εει,
1626 1760 1801 1829 quae
1828 1750 2149 1805 movetur
2185 1752 2448 1827 sponte,
2487 1761 2586 1806 se-

519 1841 820 1913 eundum
866 1842 1033 1908 haec
1058 1854 1125 1907 et
1152 1840 1470 1907 subsistit.

683 1936 786 2017 24.
827 1943 1356 2031 Magnitudinem
1402 1942 1514 2009 dei
1557 1964 1696 2009 non
1738 1942 2078 2027 invenies,
2121 1924 2383 2011 etiamsi
2427 1967 2584 2035 pen-

518 2052 630 2119 nis
661 2051 898 2115 volare
923 2048 1152 2138 possis.
1416 2038 1422 2043 ’
1925 2108 1932 2115 .
2270 2104 2278 2111 .
2365 2036 2386 2046 N

684 2153 787 2226 25.
833 2150 1099 2217 Nomen
1163 2149 1272 2215 dei
1326 2172 1416 2216 ne
1473 2158 1792 2235 quaeras,
1845 2148 2013 2245 ‘quia
2057 2172 2200 2215 non
2255 2148 2583 2215 inveniesz

442 2310 448 2315 .
510 2276 673 2321 nam
704 2276 943 2334 omne,
987 2254 1167 2339 quod
1202 2251 1480 2317 nomine
1505 2252 1904 2339 appellatur,
1949 2274 1992 2318 a
2018 2238 2320 2338 digniore
2351 2276 2586 2320 nomen

508 2356 792 2454 accipit,
868 2366 943 2421 ut
1000 2356 1170 2422 alius
1221 2353 1498 2451 quidem
1554 2364 1782 2437 vocet,
1861 2356 2034 2422 alius
2073 2366 2305 2424 autem
2353 2357 2582 2424 audiat.

510 2459 687 2550 Quis
733 2479 892 2544 ergo
936 2469 1071 2540 est,
1114 2457 1233 2543 qui
1275 2477 1532 2522 nomen
1575 2452 1906 2544 imposuit
1929 2459 2109 2524 deo?
2150 2461 2339 2526 Deus
2369 2472 2585 2526 autem

512 2583 651 2627 non
691 2583 941 2628 nomen
982 2570 1081 2624 est
1114 2559 1291 2641 deo,
1350 2557 1470 2623 sed
1511 2557 1874 2637 indicium,
1936 2564 2115 2649 quod
2151 2560 2484 2636 ‘sentimus
2513 2563 2588 2627 de

511 2663 661 2728 dec.
1006 2745 1013 2762 ι
2190 2723 2196 2728 ,

588 2835 595 2842 ,
683 2764 787 2832 26.
832 2763 1019 2832 Nihil
1048 2787 1210 2854 ergo
1239 2766 1323 2831 de
1350 2765 1511 2847 deo,
1556 2767 1742 2851 quod
1775 2788 1919 2831 non
1949 2765 2132 2850 lieet,
2176 2789 2490 2854 quaeras.
2567 2789 2572 2794 ·

682 2891 787 2953 27.
832 2871 1017 2934 Deus
1060 2867 1327 2960 sapiens
1366 2869 1492 2935 lux
1525 2879 1663 2945 est,
1707 2891 1848 2936 non
1881 2893 2100 2963 capax
2128 2872 2500 2938 contrarii.‘

684 2971 785 3040 28.
831 2971 1297 3062 Quaecunque
1320 2969 1479 3038 fecit
1503 2972 1688 3051 deus,
1719 2981 1844 3061 p'ro
1875 2971 2264 3038 hominibus
2299 2996 2382 3040 ea
2414 2973 2581 3040 feciti

681 3095 785 3161 29.
830 3071 1125 3160 Angelus
1154 3073 1465 3150 ministet
1489 3087 1588 3138 est
1617 3073 1734 3140 dei
1757 3071 1842 3139 ad
1867 3073 2241 3141 hominem.

538 3240 549 3256 ,
675 3180 782 3246 30.
826 3180 999 3244 Tam
1022 3177 1351 3298 pretiosus
1384 3177 1712 3242 esthemo
1739 3175 1923 3265 apud
1947 3179 2176 3260 deum,
2223 3201 2434 3266 quam
2466 3204 2580 3248 an·

437 3330 443 3339 -
506 3283 714 3372 gelus.

682 3385 786 3450 31.
830 3381 1099 3448 Primus
1130 3381 1472 3447 beneficus
1500 3393 1598 3447 est
1626 3380 1828 3461 deus;
1875 3379 2216 3448 secundus
2239 3397 2338 3449 est
2357 3385 2435 3468 is,
2479 3387 2582 3474 qui

405 3527 414 3536 -
506 3484 820 3554 beneficii
868 3487 1007 3570 ejus
1052 3479 1140 3548 fit
1175 3485 1507 3572 particeps
1549 3485 1795 3551 homo
1825 3483 1997 3553 Vive
2031 3483 2236 3571 igitur
2257 3487 2390 3571 ita,
2441 3500 2582 3556 tan-

505 3574 711 3680 quam
739 3588 857 3676 qui
884 3587 969 3652 sis
998 3573 1329 3652 secundus
1361 3599 1518 3677 post
1542 3581 1746 3654 deum
1777 3599 1844 3652 ει
1877 3591 2126 3655 electus
2158 3589 2243 3655 ab
2271 3613 2378 3657 eo.

676 3691 777 3760 52.
823 3689 1041 3758 Habes
1068 3690 1410 3776 (inquam)
1442 3693 1519 3758 ιιι
1550 3703 1617 3754 te
1644 3681 1894 3778 aliquid
1927 3689 2148 3758 simile
2173 3691 2307 3774 dei,
2342 3703 2410 3758 et
2437 3693 2578 3758 ideo

505 3807 698 3862 utere
727 3808 795 3862 ιε
822 3793 1007 3883 ipse,
1053 3792 1237 3860 velut
1271 3795 1524 3883 templo
1557 3785 1697 3876 dei,
1739 3789 2022 3884 propter
2049 3794 2257 3883 illud,
2305 3796 2533 3885 quod
2515 3801 2578 3861 ιιι

507 3909 577 3964 te
609 3897 831 3979 simile
856 3908 957 3962 est
978 3895 1105 3976 dei,
1170 3964 1175 3968 ,

676 3999 779 4068 55.
820 3999 1235 4066 Revereatur
1279 3995 1487 4069 vitam
1521 4013 1708 4068 tuam
1741 3995 2069 4068 mundus.
2109 3999 2298 4068 Nihil
2327 3998 2576 4066 admit-³

504 4113 638 4176 tas,
685 4099 867 4187 qtuod
895 4099 1014 4174 tibi
1055 4103 1339 4168 invehat
1368 4117 1620 4171 notam.

677 4201 780 4296 54.
824 4203 1003 4270 Male
1062 4205 1361 4272 viventes
1378 4255 1397 4288 ,
1459 4229 1616 4275 eum
1673 4229 1760 4274 ex
1811 4227 2098 4296 corpore
2151 4189 2574 4288 excesserint,
