2813 4770
844 474 1528 549 h——m261-ss--

319 652 460 719 264.
506 652 962 741 Turpissimae
1000 652 1291 721 libidinis
1332 674 1422 723 ea
1449 654 1728 743 quidem
1775 669 1950 740 q'uac
1987 646 2223 719 suavia

163 767 338 837 sunt,
367 754 511 820 'cito
561 768 944 838 transeunt,
989 756 1233 846 probra
1278 778 1446 824 vero
1473 768 1806 845 perpetuo
1839 766 2134 823 manent.

315 858 464 923 265.
510 856 747 923 Solent
806 858 1121 925 homines
1172 857 1564 925 abscindere
1610 859 1834 945 aliqua
1874 858 2223 924 membro·-

162 984 304 1033 rum
337 982 619 1025 suornm
646 982 773 1047 pro
802 959 1087 1027 sanitate
1112 960 1559 1076 reliquorum.
1617 962 1900 1052 Quanto
1927 960 1994 1027 id
2011 983 2222 1059 prae-

164 1062 433 1129 stantius
460 1086 588 1153 pro
611 1061 941 1150 pudicitia
964 1062 1116 1131 fiet
1100 1066 1118 1099 '

309 1164 455 1229 266.
502 1164 854 1231 Grandem
892 1186 1183 1253 poenam
1225 1178 1500 1255 putato,
1531 1182 1715 1234 cum
1735 1166 1831 1231 ‘in
1875 1164 2222 1233 desideriis

164 1266 555 1349 obtinueris,
630 1288 985 1355 nunquam
1038 1268 1223 1335 enim
1266 1272 1455 1335 sedat
1503 1265 1907 1339 deeiderium
1945 1258 2218 1357 adeptio

166 1368 705 1436 desideraturum.
1016 1390 1019 1400 ·
1627 1394 1636 1407 ·
2213 1394 2222 1403 ·

309 1472 461 1557 267.
501 1472 660 1541 Non
702 1484 805 1539 est
831 1472 1167 1565 sapienter
1194 1474 1462 1543 factum
1470 1521 1490 1556 ,
1531 1474 1607 1541 in
1633 1494 1772 1563 quo
1793 1470 2062 1539 libertas
2089 1495 2222 1539 au·-

160 1570 375 1641 fertur
1453 1618 1456 1623 -

308 1675 457 1743 268.
499 1678 689 1745 Bona
723 1679 971 1747 habere
1006 1702 1241 1745 omnes
1282 1691 1559 1769 optant,
1617 1678 1922 1747 obtinent
1965 1663 2218 1761 anatem,

161 1777 257 1864 qui
283 1792 497 1845 semet
522 1781 702 1870 ipsos
732 1782 991 1871 integre
1021 1780 1233 1847 verbo
1262 1783 1368 1849 dei
1394 1781 1893 1869 manciparunt.

307 1882 455 1970 269.
504 1882 889 1971 Sapientiae
926 1896 1223 1969 amator,
1282 1896 1359 1951 er
1387 1884 1712 1951 honestus
1747 1895 1889 1949 esto
1906 1884 1955 1967 ,''
1973 1894 2046 1949 et
2075 1898 2218 1965 non

164 1982 574 2053 obtrectator.

302 2108 452 2174 270.
494 2089 673 2155 Rara
704 2089 793 2154 sit
814 2086 1193 2175 objurgatio
1216 2098 1333 2153 tua
1360 2101 1432 2155 et
1462 2102 1884 2178 opportuna.
1943 2105 1952 2119 ·

306 2182 455 2273 27‘1.
496 2189 760 2274 Nimius
804 2191 979 2256 risus
1020 2188 1349 2255 indicium
1384 2202 1488 2256 est
1527 2190 1733 2255 animi
1780 2188 2172 2279 negligentis
2193 2216 2212 2253 ε

146 2316 233 2360 ‚ne
266 2316 423 2383 ergo
456 2305 721 2360 tantum
750 2292 877 2357 tibi
904 2288 1287 2378 indulgeas,
1329 2292 1406 2359 ut
1433 2292 1572 2360 risu
1601 2290 1887 2360 diffluas.

304 2417 457 2484 272.
502 2397 861 2462 Castorum
902 2395 1051 2462 vita
1075 2396 1301 2490 aitntibi
1326 2397 1696 2465 honestatis
1721 2397 2130 2484 exemplum.

306 2499 459 2584 273.
506 2495 859 2586 Optimum
890 2498 1161 2584 quidem
1179 2511 1291 2564 “est
1313 2523 1455 2567 non
1479 2521 1781 2588 peccare,
1819 2507 2214 2588 peccantem

164 2623 303 2667 vero
340 2623 740 2689 agnoscere,
786 2623 991 2689 quam
1016 2601 1357 2688 ignorare,
1386 2603 1626 2670 melius
1651 2615 1772 2668 est.

308 2703 457 2788 274.
496 2703 759 2770 lactans
797 2725 935 2768 non
966 2716 1069 2768 est
1090 2706 1379 2792 sapiens.
1481 2717 1486 2725 “

306 2805 457 2888 275.
499 2807 819 2891 Magnam
848 2803 1011 2870 scito
1042 2827 1185 2870 esse
1209 2803 1622 2910 sapientiam,
1645 2827 1777 2894 per
1799 2825 2005 2896 quam
2033 2805 2216 2873 serre

168 2918 333 2994 potes
367 2907 875 2975 ineruditorum
906 2903 1384 2992 insipientiam·

312 3010 457 3095 276.
500 3011 738 3098 Turpe
782 3008 1009 3074 ducito
1042 3005 1317 3094 proprio
1340 3029 1458 3075 ore
1487 3009 1773 3076 laudari.

314 3133 460 3198 277.
506 3108 903 3198 Sapientum
946 3107 1215 3174 animae
1248 3108 1652 3179 insatiabiles
1685 3125 1856 3179 sunt'
1870 3111 1945 3178 in
1985 3132 2214 3178 amore

174 3209 282 3277 dei.
339 3225 356 3242 ⁸
1270 3224 1277 3233 ’
1459 3233 1464 3240 ·
1725 3233 1738 3242 ··
2161 3212 2169 3224 '

320 3313 467 3402 278.
510 3313 957 3384 Exordium
934 3339 1004 3384 m
1034 3319 1291 3406 agendo
1322 3341 1361 3384 a
1386 3315 1511 3384 deo
1537 3341 1768 3394 sume,
1813 3337 1988 3404 quae
2014 3312 2218 3400 agis.
2271 3331 2274 3336 “
2380 3324 2384 3328 ’

320 3436 465 3508 279.
513 3419 653 3483 Ore
680 3429 904 3484 autem
930 3421 1119 3508 prius
1144 3421 1349 3488 deum
1362 3421 1612 3543 habeto·
1641 3433 1711 3488 et
1731 3430 1983 3501 mente,
2007 3437 2214 3530 quam

170 3519 445 3608 respires.
1250 3544 1255 3552 ·
1392 3573 1399 3578 .

324 3623 465 3690 280.
510 3623 613 3690 Ea
640 3645 813 3711 quae
838 3637 1107 3714 oportet
1130 3625 1389 3692 discere
1411 3634 1478 3690 et
1501 3626 1594 3690 ita
1614 3621 1853 3738 faoere,
1893 3643 1984 3690 ne
2005 3641 2214 3692 cone-

172 3722 251 3788 ris
278 3724 517 3809 facere,
544 3739 906 3816 antequam
934 3727 1163 3794 discas.

322 3827 463 3894 281.
510 3829 801 3896 Carnem
842 3829 988 3896 noli
1012 3851 1263 3896 amare.

326 3928 465 3998 282.
502 3929 819 4000 Animam
842 3933 1106 4009 ,bonam
1150 3942 1305 4018 post
1346 3931 1550 3996 deum
1579 3929 1804 4016 dilige.

326 4031 459 4098 285.
501 4033 1036 4100 Domesticorum
1052 4032 1540 4119 indignationes
1557 4031 1740 4098 ferre
1755 4031 2070 4122 sapientis
2095 4045 2210 4100 est.

332 4133 471 4201 284.
517 4135 912 4227 sapientum
946 4131 1225 4204 divitiae
1244 4133 1679 4202 continentia.
