2813 4770
880 536 1084 562 ...-
1161 499 1525 572 35...-

275 671 540 743 ALIAE
581 674 1403 746 PYTHAGOREORUM
1446 677 2113 752 SIMILITUDINES

643 802 1222 895 undequaque
1289 807 1763 877 collectae.

336 1025 475 1094 104.
519 1023 897 1112 Optabilius
952 996 1075 1092 tibi
1131 1027 1218 1094 sit
1255 1028 1558 1138 lapidem
1594 1042 1850 1100 temere
1887 1031 2239 1122 projicere,

163 1147 366 1214 quam
410 1148 794 1195 sermonem
826 1126 1136 1194 otiosum.

334 1229 478 1294 105.
522 1231 758 1318 Turpe
797 1240 897 1295 est
943 1251 1152 1324 apum
1195 1232 1387 1300 donis
1413 1193 1655 1324 potum
1684 1235 2055 1304 dulciorem
2081 1238 2243 1306 red·-

163 1330 354 1410 dere,
411 1341 614 1420 atque
672 1332 945 1398 interim
998 1335 1130 1402 Dei
1179 1336 1478 1420 donum,
1536 1335 1861 1406 nimirum
1898 1340 2241 1415 rationem

161 1432 416 1500 malitia
459 1433 883 1503 exacerbare.
977 1497 982 1504 .

331 1533 472 1600 106.
521 1536 680 1605 Vita
717 1536 1022 1604 humana
1059 1537 1423 1618 mercatui,
1484 1541 1596 1608 vel
1640 1542 2021 1630 cuicunque
2056 1546 2242 1613 cele-

158 1635 383 1702 britati
422 1639 860 1726 panegyricae
903 1643 1042 1707 non
1085 1653 1187 1708 est
1218 1640 1559 1710 absimilis.
1634 1643 2238 1734 Quemadmodum

157 1739 339 1804 enim
395 1739 484 1804 ad
523 1739 704 1836 hanc
745 1741 858 1808 alii
899 1743 1176 1830 quidem
1221 1743 1583 1829 certaturi,
1640 1746 1753 1812 alii
1803 1748 2235 1836 negotiaturi,

157 1842 266 1906 alii
315 1865 525 1924 vern,
565 1844 679 1930 qui
725 1845 970 1934 optimi
1007 1859 1201 1930 sunt,
1242 1860 1322 1914 ut
1344 1860 1747 1934 spectatores
1779 1847 1994 1917 futuri
2024 1851 2238 1916 adve-

157 1942 351 2010 niunt
363 1969 388 2026 3
433 1943 530 2010 sic
575 1947 782 2012 etiam
819 1947 893 2014 in
924 1947 1051 2014 hac
1093 1951 1238 2024 vita
1280 1951 1599 2016 nonnulli
1640 1950 1952 2038 quidem,
1998 1965 2077 2018 ut
2104 1951 2239 2018 ho-

153 2047 366 2114 mines
390 2046 690 2132 serviles,
735 2062 856 2116 aut
883 2049 1218 2138 mancipia
1243 2063 1645 2132 nascuntur,
1673 2051 1929 2138 gloriae
1958 2063 2027 2118 et
2060 2053 2233 2122 lucri

157 2172 482 2236 aucupes,
531 2151 648 2220 alii
690 2173 893 2234 vern,
935 2163 1013 2216 ut
1050 2152 1471 2244 philosophi,
1514 2153 1815 2222 veritatis
1842 2152 2149 2220 studiosi.
2224 2151 2236 2164 ’

319 2274 466 2337 107.
513 2251 681 2320 Vitis
721 2263 852 2318 tres
891 2254 1215 2341 producit
1255 2276 1461 2336 uvas,
1504 2255 1806 2345 primam
1850 2256 2241 2346 voluptatis,

148 2353 433 2424 alteram
463 2353 803 2422 ebrietatis
819 2403 840 2439 ,
888 2353 1158 2439 tertiam
1193 2357 1659 2427 contumeliae.

32 2628 35 2635 ,
324 2568 470 2637 108.
519 2560 869 2650 Quidquid
943 2562 1396 2651 expergefacti
1452 2560 1800 2647 videmus,
1868 2584 2053 2629 mors
2110 2576 2257 2649 cst„

153 2662 481 2752 quidquid
507 2686 671 2729 vero
705 2662 1114 2730 dormientes
1131 2712 1152 2745 ,
1197 2688 1497 2745 somnus.
1867 2691 1873 2701 ·

321 2776 462 2853 109.
505 2765 874 2832 Prudentia
902 2768 1052 2833 loco
1080 2766 1388 2848 roboris,
1432 2764 1617 2833 muri
1645 2777 1712 2832 et
1738 2786 2094 2835 armorum
2128 2778 2234 2836 est

152 2869 297 2937 viro
323 2866 639 2958 sapienti.
2056 2896 2064 2903 ·

320 2990 468 3037 110.
515 2971 705 3037 Vana
738 2980 838 3035 est
859 2968 1040 3035 illius
1065 2970 1445 3061 philosophi
1472 2968 1719 3053 oratio,
1760 2992 1933 3057 quae
1961 2941 2233 3042 nullum

150 3073 220 3140 111
245 3072 529 3139 1101111110
555 3070 880 3138 affectum
909 3084 1028 3138 aut
1050 3072 1429 3162 passionem
1458 3084 1667 3142 curat.
1755 3072 2232 3164 Quemadmo-

152 3180 306 3243 dum
337 3172 525 3239 enim
555 3176 802 3240 nullus
823 3187 924 3242 est
947 3170 1323 3241 medicinae
1345 3198 1526 3260 usus,
1553 3173 1684 3241 nisi
1708 3174 1981 3243 morbos
2006 3199 2047 3242 a
2073 3200 2233 3243 cor-

149 3278 418 3367 poribus
455 3275 904 3345 exterminet.
945 3276 1044 3343 ita
1067 3280 1209 3343 hec
1255 3275 1755 3393 philosophiae,
1798 3278 1931 3348 nisi
1960 3276 2231 3345 animae

149 3380 310 3447 vitia
351 3378 664 3467 expellat.
1102 3402 1108 3410 ⁴

321 3504 460 3549 111.
503 3479 702 3565 Plaga
759 3480 962 3569 gladii
1019 3482 1242 3549 levior
1295 3491 1428 3565 est,
1488 3502 1709 3569 quam·
1743 3480 2053 3567 linguae3
2108 3481 2227 3549 illo

149 3584 327 3650 enim
361 3604 628 3667 corpus,
670 3564 838 3648 haec
867 3583 1172 3651 animam
1201 3584 1534 3651 vulnerat.

285 3704 464 3753 .112.
507 3682 696 3749 Idem
740 3696 841 3749 est
890 3682 1206 3752 absinthii
1248 3682 1805 3769 amalitudinem,
1849 3694 1917 3752 et
1956 3682 2228 3753 dicendi

148 3789 522 3865 libertatem
553 3784 806 3853 tollere„

317 3883 460 3955 113.
474 3888 585 3953 'Ut
611 3888 891 3954 morbus
919 3888 1240 3979 corporis,
1263 3888 1320 3956 si
1349 3912 1507 3954 eum
1539 3888 1902 3955 abscondas
1932 3899 2049 3955 aut
2070 3888 2229 3969 lauq

153 3992 264 4058 des
286 4042 304 4075 ,
345 4012 697 4079 nunquam
739 3986 1060 4071 8110111111,ι
1093 3992 1186 4059 ita
1211 4016 1338 4057 nec
1365 3992 1597 4057 a'nim'a
1628 3993 1766 4069 (vel
1798 3990 2227 4057 vitium-ani·-

154 4097 354 4175 mae),
391 4094 499 4159 cui
541 4095 720 4160 male
763 4096 1202 4181 patrocinaris
1234 4106 1303 4159 et
1341 4092 1718 4179 assentiris,
1760 4110 2069 4179 unquam
2098 4114 2232 4159 cu·-

154 4206 354 4263 ratur.

1429 4355 1569 4423 Ca
