2813 4770
846 479 1488 546 ......99....-..

302 624 403 696 55.
448 623 747 692 Divitiae
818 625 1014 690 malis
1074 625 1432 711 acquisitae
1485 623 1896 694 facinoribus
1953 649 2205 720 oppro-

168 723 355 792 brium
391 751 472 792 eo
498 727 799 792 habent
781 727 1125 814 msignius.
1158 725 1381 811 [Stob.
1411 727 1739 812 SermX.
1773 728 1858 796 de
1876 730 2206 824 [ajusto]

75 909 78 914 ἱ
304 813 498 897 54.Ρ
446 829 897 897 Pecuniarum
944 827 1309 917 cupiditas,
1365 828 1498 894 nisi
1541 829 1946 896 terminetur
1984 833 2208 917 aliqua

164 929 468 1014 satietate,
510 933 713 1021 longe
760 933 1055 1001 deterior
1096 943 1197 996 est
1236 941 1548 998 extrema
1587 945 2004 1020 paupertate.
2047 935 2206 1000 Ma-

161 1035 307 1118 jores
354 1033 543 1099 enim
583 1030 977 1122 cupiditates
1021 1032 1428 1118 indigentias
1470 1055 1743 1120 quoque
1783 1037 2074 1122 majores
2095 1036 2206 1102 fa·-

162 1135 337 1202 ciunt.
382 1135 601 1220 [Stob.
641 1135 805 1202 ibid.
808 1144 835 1213 ]

300 1238 401 1302 55
443 1239 761 1329 Improba
776 1239 965 1304 lucra
984 1238 1313 1302 damnum
1338 1239 1613 1326 virtutis
1629 1186 1962 1307 inferunt.
1979 1236 2202 1326 [Sto-b.

140 1339 290 1406 “ibid
293 1341 321 1426 ]
556 1379 561 1384 -
867 1356 875 1372 ¹

296 1441 396 1509 56
435 1438 603 1530 Spes
634 1442 790 1507 mah
808 1441 1012 1508 lucri
993 1441 1263 1508 mitium
1294 1431 1393 1506 &st
1404 1443 1732 1527 jacturae
1751 1441 1966 1527 [stab.
2003 1443 2168 1510 ibid.
2169 1445 2204 1531 ]

300 1541 403 1629 57.
444 1543 673 1612 Nimia
728 1543 1180 1634 pecuniarum
1250 1544 1552 1610 collectio
1608 1567 1739 1632 pro
1790 1546 2054 1629 liberis,
2131 1559 2211 1612 ut

75 1671 77 1676 ·
156 1645 328 1710 multi
367 1647 775 1732 loquuntur,
844 1657 1247 1736 praetextus
1272 1657 1373 1712 est
1415 1645 1770 1728 avaritiae,
1845 1669 2058 1738 propr
2059 1649 2208 1717 ium

154 1745 472 1833 ingenium
514 1771 805 1838 arguens
838 1773 916 1816 ac
942 1749 1277 1836 detegens.
1310 1746 1520 1830 [Stob.
1549 1747 1744 1834 ibid]

221 1895 226 1898 -
298 1847 402 1915 5.8
425 1851 459 1886 *
503 1850 822 1940 Quorum
866 1873 1109 1940 corpus
1150 1851 1446 1938 indiget,
1527 1875 1607 1916 ea
1648 1850 1850 1918 facile
1889 1851 2206 1918 omnibus

154 1949 505 2018 obveniunt
554 1953 723 2018 citra
762 1953 1069 2041 laborem
1114 1977 1191 2018 ac
1231 1975 1670 2032 aerumnam3
1757 1953 2004 2039 quibus·
2041 1977 2206 2018 vero

152 2055 597 2142 comparandis
634 2055 866 2122 labore
908 2079 983 2121 ac
1026 2077 1357 2122 aerumna
1384 2077 1556 2142 opus
1593 2067 1730 2136 est,
1772 2043 1858 2120 ›ea'
1881 2077 2022 2120 non
2043 2073 2211 2119 ’cor-

152 2176 297 2241 pus,
340 2159 455 2223 sed
492 2157 903 2246 perversitas
928 2146 1277 2246 'opinionis
1304 2156 1658 2225 desiderat.
1707 2156 1922 2244 [Stob.
1949 2157 2138 2249 ibid]

300 2259 403 2348 39.
449 2258 803 2348 Cupiditas
870 2260 1174 2348 plurium
1234 2259 1480 2324 amittit
1535 2259 1951 2348 pmesentia,
2038 2261 2208 2326 sicut

152 2357 293 2425 olim
330 2361 692 2453 Aesopicus
737 2362 853 2429 ille
878 2363 1077 2443 canis.
1128 2361 1341 2448 [Stob.
1364 2361 1580 2450 ibid]
1712 2343 1723 2370 ⁸

297 2460 401 2527 40.
443 2464 628 2531 Vera
656 2478 817 2530 sunt
844 2464 1145 2548 dicenda,
1166 2464 1284 2587 ubi
1308 2465 1381 2531 id
1398 2473 1723 2553 praestat
1753 2464 1960 2549 [Stob.
1981 2464 2204 2533 Set-m.

148 2559 300 2628 XII.
338 2565 422 2631 de
450 2567 877 2652 mendacia]
1144 2625 1147 2630 .
1254 2592 1266 2611 ¹

298 2674 401 2744 41.
428 2670 782 2747 Libertas'
760 2693 837 2736 m
866 2672 1151 2741 dicendo
1179 2670 1576 2761 ingenuitati
1605 2632 1883 2756 propria
1905 2634 2040 2735 est.
2077 2668 2205 2735 sed

147 2770 497 2843 occasionis
567 2772 917 2839 diversitas
972 2776 1357 2864 periculum
1415 2774 1644 2843 habet
1703 2770 1923 2857 [Stob.
1980 2770 2203 2839 Serm-

144 2869 335 2937 XIII.
375 2872 461 2937 de
478 2869 764 2959 fiducia
794 2886 864 2939 et
892 2876 1216 2949 {ibet-tate
1246 2873 1574 2957 dicendi]

301 2976 403 3041 42.
451 2974 598 3063 Qui
638 2976 829 3070 parci
870 2991 1141 3068 praeter
1183 2979 1464 3047 modum
1491 2986 1686 3054 sunt,
1728 2974 1944 3041 instar
1971 2975 2230 3063 apicu-·

144 3072 350 3140 larum
382 3082 773 3164 ,operantur
792 3128 813 3161 ,
884 3086 1211 3167 tanquam
1260 3090 1596 3169 perpetuo
1639 3076 1911 3144 victuri.
1965 3076 2202 3162 [θεοῦ.

142 3175 349 3242 Ser-m.
374 3176 501 3245 XI
500 3174 588 3243 V
622 3178 709 3245 de
726 3182 1108 3267 parcitate.
1115 3182 1149 3269 ]
1429 3246 1432 3251 .

296 3278 405 3345 45.
430 3280 803 3349 Parcorum
824 3280 964 3371 filii,
996 3282 1253 3378 indocti
1281 3281 1397 3370 qui
1423 3284 1577 3365 sint,
1590 3281 1874 3372 perinde
1897 3304 1978 3352 ac
2001 3306 2206 3371 agyr-

143 3391 241 3446 tae
269 3404 477 3471 super
501 3384 723 3450 nudos
748 3386 1006 3470 gladios
1038 3387 1213 3453 saltu
1241 3410 1310 3451 se
1338 3384 1782 3469 conjiciente8‚
1826 3384 1884 3449 si
1914 3407 2054 3449 uno
2085 3386 2208 3450 de·-

139 3481 437 3570 fecerint,
482 3508 707 3575 neque
728 3490 978 3571 locum,
1018 3508 1157 3573 quo
1181 3486 1463 3575 pedibus
1491 3486 1618 3556 niti
1645 3481 2010 3569 debebant,
2039 3489 2206 3552 teti-

137 3584 351 3667 gerint
368 3636 389 3671 ,
432 3588 615 3655 male
655 3588 1062 3679 dispereunt.
1104 3588 1403 3657 Difficile
1427 3609 1596 3655 vero
1625 3600 1726 3655 est
1751 3610 1888 3655 uno
1915 3604 2053 3655 non
2081 3612 2205 3659 ex.-

136 3687 387 3771 cidere,
432 3712 595 3755 nam
639 3692 859 3757 solum
906 3692 1168 3779 vestigii
1204 3692 1393 3781 pedis
1431 3692 1730 3781 spatium·
1753 3691 1848 3755 eis
1871 3692 2206 3777 relinqui-

139 3798 263 3856 tur.
310 3790 423 3859 Sic
450 3814 619 3883 vero
650 3805 717 3859 et
746 3794 889 3877 isti„
909 3795 963 3859 si
994 3816 1033 3860 a
1060 3790 1345 3883 paterno
1375 3793 1690 3881 exemplo
1720 3792 2055 3881 parcitatis
2083 3793 2208 3859 de·-

136 3892 499 3977 seiverint,
544 3894 773 3982 perire
802 3897 1041 3961 solent.
2083 3933 2086 3937 ·

294 3997 403 4063 44.
450 3996 871 4065 Parsimonia
918 4012 987 4065 et
1032 3999 1281 4068 esuries
1326 3997 1534 4079 bona,
1589 4017 1712 4063 suo
1759 4006 1991 4067 autem
2025 4006 2204 4063 tem-
2301 4038 2304 4043 -

133 4117 295 4183 pore
329 4111 643 4187 sumptus
668 4100 891 4181 etiam.
935 4104 1055 4169 Est
1080 4122 1240 4189 ergo
1274 4100 1409 4169 viri
1436 4124 1524 4190 pl
1525 4100 1794 4182 udentis
1821 4098 2206 4207 probedis-

135 4220 429 4267 cernere.
478 4200 694 4289 [Stob.
742 4203 909 4271 ibid.
914 4204 943 4290 ]
1377 4304 1446 4371 G

1473 4324 1508 4369 2
