2813 4770
894 461 1568 506 *lu——
2243 403 2255 438 Ι

202 607 401 674 multo
456 604 667 694 magis
724 608 917 697 parci
969 606 1560 700 promptioresque
1625 611 1712 680 ad
1775 608 2264 698 acquirendum

176 709 386 790 fiunt,
429 731 509 774 ac
548 723 795 776 mutuo
843 721 1128 778 certant.
1198 712 1373 778 Nam
1419 731 1596 796 quae
1637 717 1988 784 communi
2030 733 2268 786 sumtu

200 817 679 906 expenduntur,
708 834 851 878 non
876 814 1237 880 molestant
1254 814 1368 893 ita,
1395 822 1472 878 ut
1494 812 1770 903 privato
1785 841 1804 880 ε
1839 828 1917 884 ·et
1950 839 2124 905 quae
2145 844 2304 888 tic-.-

197 919 581 1004 quir-untur,
649 937 789 983 non
830 937 1041 1002 aeque
1096 914 1510 992 exhilarant,
1588 914 1707 978 sed
1744 919 1966 985 multo
2012 922 2261 992 minus.

194 1019 392 1105 [Stob.
440 1021 662 1086 Serm.
700 1016 1051 1086 LXXXI.
1091 1017 1524 1102 Qualesnam
1567 1029 1892 1106 oporteat
1935 1043 2084 1090 esse
2114 1045 2270 1116 paq

194 1135 319 1188 tres
356 1144 538 1213 erga
580 1119 893 1210 liberos-J

344 1247 469 1314 9ι.-
463 1224 685 1292 ·Licet
721 1243 971 1320 pueros
1012 1241 1151 1286 non
1188 1243 1436 1311 magno
1461 1233 1740 1313 sumptu
1764 1208 1858 1288 i'ta
1881 1215 2262 1311 instituere,
2296 1290 2308 1302 ,

189 1337 257 1392 ut
290 1337 435 1394 tum
480 1324 805 1416 pecuniae
848 1333 996 1390 tum
1032 1343 1317 1431 corpora
1360 1323 1673 1412 ipsorum
1720 1328 2016 1396 custodia
2049 1329 2262 1398 instar

190 1430 357 1494 muri
381 1441 453 1494 et
476 1430 691 1494 salute
728 1427 1149 1494 muniantur.
1147 1423 1399 1510 [.Stol›
1427 1427 1628 1514 ibid-J

342 1551 449 1619 9²·
490 1524 1136 1620 Quemadmodum
1113 1549 1188 1590 ιιι
1204 1528 1546 1610 ulceribus
1573 1529 1864 1618 pessima
1877 1553 2262 1622 gangraeua

188 1643 292 1712 est,
332 1631 429 1698 ita
476 1631 575 1722 (ιιι
606 1619 858 1702 morbis
892 1625 1130 1714 animi)
1164 1627 1428 1695 animus
1455 1632 1531 1697 ιιι
1558 1634 2000 1726 pecuniarum
2025 1636 2262 1723 acqui-

186 1731 413 1798 sitione
442 1755 589 1800 non
608 1743 965 1812 contentus
994 1741 1062 1794 et
1082 1729 1211 1796 sibi
1232 1730 1617 1817 inaequalis.
1639 1733 1854 1824 [Stob.
1871 1736 2090 1804 Serm.
2103 1739 2260 1806 XC.

185 1835 532 1917 Quantum
560 1834 1168 1902 divitiae.valeant
1181 1846 1478 1921 propter
1501 1836 1704 1926 vulgi
1723 1837 2174 1929 stultitiam]

335 1940 440 2028 95.
466 1937 761 2004 Divitiae
776 1938 982 2002 malis
1006 1935 1260 2002 artibus
1288 1951 1718 2024 comparatae
1739 1939 2062 2008 infamiae
2089 1955 2258 2012 nota

180 2039 337 2106 inter
366 2040 685 2106 homines
715 2038 1199 2126 insigniuntur.
1226 2037 1452 2122 [Stob.
1484 2038 1678 2122 ibid]

334 2146 444 2232 94.
491 2143 945 2228 Ρροιιιιιαιιιιιι
994 2164 1158 2207 usus
1196 2163 1354 2206 cum
1396 2138 1764 2229 prudentia
1811 2140 1994 2208 utilis
2042 2155 2140 2208 est
2167 2147 2264 2212 ad

179 2246 621 2312 exercendam
661 2245 1041 2312 libertatem
1080 2257 1147 2308 et
1178 2243 1518 2332 populum
1545 2241 1703 2326 adju
1715 2242 2048 2314 vandum:
2095 2270 2253 2316 cum

176 2347 449 2415 stultitia
478 2369 645 2413 vero
677 2344 1055 2413 communis
1079 2343 1345 2433 largitio
1370 2343 1468 2413 fit.
1517 2343 1742 2431 [Stob.
1775 2344 1996 2415 Serm.
2027 2346 2256 2417 XCII.

177 2450 251 2515 de
276 2450 610 2541 pecuniis
632 2451 821 2535 juste
834 2446 1129 2541 partia]

222 2610 233 2617 .
332 2554 444 2641 95.
490 2553 891 2641 Paupertas,
936 2552 1215 2621 divitiae
1244 2548 1531 2616 nomina
1557 2558 1721 2615 sunt
1747 2548 2157 2639 indigentiae
2187 2566 2260 2617 et.

172 2656 572 2723 saturitatis:
632 2654 1073 2741 quamobrem
1108 2674 1332 2739 neque
1384 2652 1577 2719 dives
1619 2652 1944 2719 dicendus
1985 2666 2082 2733 est
2127 2658 2252 2743 qui

170 2756 453 2844 indiget,
492 2778 721 2844 neque
758 2756 877 2843 qui
922 2778 1061 2821 non
1104 2753 1361 2839 indiget.
1401 2764 1681 2843 pauper.
1726 2752 1962 2839 [Stob.
2027 2758 2248 2823 Serm.

173 2855 396 2931 XCV.
426 2858 871 2946 comparatio
890 2856 1341 2947 paupertatis
1370 2880 1457 2923 ac
1484 2854 1950 2939 divitiarum-J

330 2960 443 3049 96.
486 2960 629 3027 Nisi
672 2962 891 3026 multa
934 2959 1302 3041 desideres,
1360 2981 1579 3049 pauca
1621 2957 1746 3025 tibi
1789 2960 2014 3044 multa
2049 2958 2252 3025 vide-

170 3063 418 3129 buntur
428 3088 455 3145 3
496 3084 659 3127 nam
699 3083 925 3155 panca·
961 3074 1277 3151 appetere
1322 3060 1520 3145 facit,
1563 3072 1640 3127 ut
1661 3072 2030 3152 paupertas
2059 3060 2249 3135 divi-2

168 3165 263 3231 tiis
300 3164 772 3253 aequipolleat.
803 3165 1029 3253 [Stob.
1056 3163 1258 3253 ibid]

326 3290 440 3357 97.
470 3264 799 3349 Homines
825 3279 1105 3357 propter
1132 3266 1610 3333 conscientiam
1635 3265 1814 3331 vitae
1829 3268 2008 3347 male
2023 3278 2246 3335 uuus-

166 3382 347 3435 actae
398 3368 745 3457 perpetuis
794 3368 1425 3457 perturbationibus
1467 3367 1974 3455 terroribusque
2015 3372 2249 3457 exagi-

164 3483 399 3539 tantur
416 3520 438 3555 ,
498 3470 861 3537 ‘mendacia
900 3473 1165 3539 interea
1208 3472 1294 3536 de
1332 3469 1702 3539 terroribus
1754 3482 1910 3559 post
1948 3485 2247 3539 mortem

165 3573 513 3663 fingentes.
534 3569 753 3662 [Stoh.
774 3580 995 3643 Serm·
1012 3565 1284 3649 XCVI.
1316 3568 1610 3655 devita,
1628 3572 1812 3664 quod
1835 3572 2060 3641 brevis
2093 3574 2275 3662 sit]¹

324 3776 439 3868 98.
488 3778 909 3866 Cognoscere
952 3790 1241 3872 oportet,
1278 3769 1498 3847 vitam
1534 3778 1905 3875 humanam
1931 3776 2244 3847 imbecil-

158 3881 291 3949 lam
334 3906 421 3948 ac
464 3893 975 3993 temporaneam
1023 3906 1199 3964 esse,
1240 3882 1381 3949 imo
1431 3861 1664 3947 multis
1709 3854 2000 3945 adversis
2041 3890 2275 3967 atque·

156 3982 503 4070 perplexis
538 3972 821 4073 ‘negotiis
844 3985 1243 4074 implicitam
1256 4032 1277 4067 ‚
1320 3997 1401 4053 ut
1427 3985 1490 4049 ei
1517 3980 1980 4049 mediocritate
2003 4004 2242 4051 rorum

156 4086 715 4170 possidendarum
782 4091 1172 4155 consulatur
1223 4098 1291 4152 et
1331 4112 1372 4153 a
1411 4082 1802 4155 necessariis
1845 4104 2240 4155 mensurum
2288 4137 2295 4142 -

152 4187 439 4255 miseria
482 4190 787 4280 accipiat.
832 4188 1048 4276 [δέού.
1076 4187 1281 4276 ibid]

2323 1829 2354 1862 l
