2813 4770
900 443 1099 469 ——-·
1186 412 1305 481 105
1388 444 1598 486 --·-·,

354 582 461 649 66.
506 582 887 653 voluntarii
926 582 1189 649 labores
1226 582 2269 673 involuntariorum'patientiam

103 687 105 695 “
213 684 513 751 leviorem
538 684 868 767 efficiunt.
898 685 1113 771 [Stob.
1132 686 1357 754 Serm.
1374 686 1652 755 XXIX.
1679 686 1764 753 de
1795 686 2265 775 assiduitate]

356 888 498 971 57.*
538 888 779 957 Labor‘
802 890 1173 959 continuus
1208 894 1696 961 consuetudine
1738 892 1820 959 fit
1858 914 1932 958 se
1970 892 2118 981 ipso
2154 892 2262 957 le-

182 987 361 1055 -vion
388 990 606 1078 [stab.
644 992 845 1075 ibid]
1280 1062 1287 1073 ,
1682 975 1695 998 '

354 1094 455 1159 58.
500 1098 754 1161 Omnes
800 1094 1067 1187 labores
1118 1096 1253 1163 otio
1292 1094 1724 1185 jucundiores
1755 1107 1942 1179 sunt,
1988 1095 2259 1182 quando

201 1192 305 1258 illa
319 1210 814 1281 consequuntur
849 1198 1178 1272 homiues,
1210 1220 1498 1284 quorum
1534 1198 1747 1287 gratia
1777 1198 2116 1281 laborant,'
2139 1207 2259 1263 aut

202 1311 709 1383 consequuturos
732 1323 812 1381 ⁸se
848 1300 1088 1367 sciunt.
1151 1300 1593 1371 Frustrationi
1635 1326 1836 1384 vere,
1900 1324 2059 1383 cum
2111 1298 2258 1387 spei

204 1420 320 1462 uon
346 1401 713 1489 respondet
742 1415 1025 1481 eventus
1046 1449 1067 1478 ,
1111 1426 1328 1469 unum
1360 1418 1466 1471 est
1493 1406 1908 1485 remedium,
1949 1404 2002 1469 si
2030 1404 2258 1467 omnia

199 1499 442 1587 reliqua
465 1502 779 1571 similiter
800 1512 1211 1573 ‘aerumnosa
1245 1506 1380 1572 sint
1402 1518 1476 1573 et
1499 1506 1850 1574 laboriosa·
1871 1504 2094 1593 [Stob.
2131 1504 2252 1591 ib]
2304 1556 2310 1573 .

342 1604 448 1691 59.
488 1605 783 1686 Malum,
853 1606 1115 1675 etiamsi
1166 1610 1351 1675 solus
1389 1609 1643 1692 fueris,
1716 1629 1940 1697 neque
1979 1608 2255 1688 dixeris,

195 1726 397 1793 neque
432 1704 696 1775 feceris.
714 1709 937 1775 'Disce
964 1698 1187 1777 autem
1216 1711 1528 1799 teipsum
1559 1708 1778 1777 multo
1803 1709 2016 1797 magio
2041 1732 2248 1795 quam

196 1807 339 1873 alios
374 1799 693 1877 revereri.
725 1810 947 1895 [Stob.
973 1812 1195 1879 Set-m.
1229 1813 1510 1893 XXXI.
1543 1812 1628 1878 de
1662 1811 1996 1890 Pudore.]

344 1908 451 1977 60.
468 1914 503 1951 *
540 1914 919 1979 Multarum
944 1938 1181 1999 rerum
1206 1916 1494 2003 cognitio
1519 1928 1638 1983 aut
1666 1914 2100 2001 valdcq‘uvat,
2132 1924 2250 1977 aut

192 2012 371 2077 valde
392 2014 605 2081 laedit
632 2016 1021 2083 habentem,
1058 2019 1264 2083 Juvat
1290 2018 1559 2105 quidem
1580 2018 1803 2084 virum
1831 2017 2152 2081 dextrum
2182 2002 2252 2079 et

193 2117 650 2183 commodumz
693 2120 901 2196 laedit
933 2142 1090 2186 vero
1114 2120 1309 2186 illum
1329 2169 1350 2203 ,
1394 2120 1512 2206 qui
1542 2118 1740 2185 facile
1767 2118 2076 2203 quemvis
2103 2138 2251 2182 ser-

189 2236 445 2281 monem
480 2230 551 2283 et
571 2222 745 2310 apud
774 2244 1077 2309 quosque
1099 2222 1465 2309 eloquitur,
1513 2222 1798 2308 Oportet
1811 2230 2036 2283 autem
2053 2236 2250 2282 occa-

188 2315 376 2383 sionis
414 2320 702 2388 modum
747 2347 976 2390 nosse:
1038 2323 1093 2390 is
1132 2326 1313 2390 enim
1356 2322 1722 2412 sapientiae
1765 2318 2091 2385 terminus
2125 2330 2246 2383 est.

190 2419 317 2510 Qui
370 2444 541 2489 vero
586 2425 1058 2514 intempestive
1112 2428 1519 2494 cantilenam
1560 2424 1894 2492 Musicani
1939 2421 2248 2508 quamvis

188 2523 365 2592 docte
386 2527 775 2610 cecinerint,
810 2529 905 2593 illi
932 2551 1071 2594 non
1098 2529 1586 2616 approbantur,
1633 2526 1748 2592 sed
1781 2526 2044 2590 crimen
2074 2525 2248 2590 stul-

188 2626 355 2692 titiae
404 2627 723 2698 subeunt.
764 2629 992 2708 [Stob.
1032 2631 1256 2696 Serm.
1305 2625 1663 2700 XXXIII.
1706 2627 1790 2692 de
1837 2625 2248 2714 tempestiva

188 2731 537 2816 oratione]

344 2835 453 2902 δι.
496 2835 707 2918 Leges
751 2857 889 2900 non
928 2833 1432 2924 prohibuissent
1471 2832 1764 2920 singulos
1803 2856 1929 2924 pro
1966 2831 2246 2900 arbitrio

188 2959 297 3002 suo
328 2937 589 3016 vivere,
632 2932 763 3000 nisi
790 2959 960 3002 unus
988 2938 1073 3004 ad
1104 2937 1420 3023 injuriam
1449 2933 1878 3004 inferendam
1910 2932 2104 3002 alteri
2133 2957 2246 2998 es-

186 3049 272 3102 set
309 3038 651 3127 proclivis·
723 3037 993 3104 Etenim
1036 3039 1299 3106 invidia
1346 3037 1690 3106 seditionis
1733 3028 1916 3126 ⁸parit
1955 3037 2242 3104 initium.

187 3139 383 3224 [stab.
416 3140 637 3207 Serm.
674 3137 1108 3210 XXXVIII.
1140 3142 1225 3208 de
1258 3140 1596 3225 Invidia]

342 3242 450 3310 62.
506 3241 969 3329 Peregrinatio
1031 3244 1209 3309 vitae
1278 3241 1738 3332 frugalitatem
1797 3241 2023 3307 docet:
2109 3239 2246 3306 offa

188 3344 429 3434 quippe
474 3356 545 3410 ct
582 3353 767 3410 torus
806 3345 1173 3411 herbaceus
1214 3343 1418 3410 famis
1459 3358 1538 3412 ac·
1573 3342 1824 3410 laboris
1869 3340 2248 3408 dulcissima

187 3460 331 3514 sunt
356 3443 681 3514 remedia.
718 3447 969 3532 [Serm.
995 3442 1349 3518 XXXIX.
1377 3445 1463 3512 de
1491 3437 1792 3531 Exilia]

156 3629 163 3637 .
339 3549 447 3624 65,
486 3549 844 3636 Quaelibet
865 3563 1051 3618 terra
1076 3549 1337 3618 homini
1366 3548 1654 3638 sapienti
1671 3558 1770 3612 est
1793 3545 2023 3636 pervia
2041 3573 2060 3611 ε
2096 3543 2248 3610 ani-

186 3675 325 3718 mae
350 3671 653 3736 namque
678 3651 868 3720 fortis
891 3652 1240 3718 universus
1266 3651 1562 3716 mundus
1589 3647 1813 3740 patria
1829 3660 1943 3714 est.
1958 3646 2092 3731 [St.
2125 3645 2246 3732 ila-J

340 3752 451 3820 64.
494 3755 641 3822 Lex
678 3753 1035 3822 hominum
1062 3739 1488 3840 vitamjubet
1515 3751 1847 3817 demereri
1873 3747 2247 3816 beneficiis=

186 3854 248 3922 id
272 3869 503 3924 autem
524 3868 861 3944 praestare
888 3867 1125 3945 potest,
1154 3856 1211 3922 si
1239 3856 1371 3944 ipsi
1400 3877 1482 3920 ea
1503 3855 1848 3942 suscipere
1880 3853 2252 3935 voluerint,

186 3948 637 4026 obedientibus
662 3958 839 4024 enim
872 3957 1011 4023 vim
1042 3968 1111 4026 et
1137 3961 1466 4028 virtutem
1493 3980 1686 4026 suam
1711 3955 2022 4024 declarat.
2045 3953 2250 4040 [Stob.

190 4059 630 4152 Serra-'XLI-
666 4059 751 4124 de
778 4057 1235 4148 Republica..]
