2813 4770
533 1069 556 1080 “
624 1097 714 1180 D
787 1099 860 1182 E
933 1100 1040 1210 Μ
1111 1091 1201 1183 o·
1257 1101 1326 1182 P
1401 1101 1493 1182 H
1565 1102 1609 1184 I
1677 1103 1755 1204 ιζ..
1826 1075 1872 1186 Ῑ

827 1257 1669 1322 SIMILI'I'UDINES

1027 1383 1034 1392 “
1157 1387 1330 1441 SEU

284 1489 614 1563 VITAE
674 1495 1152 1566 CURATIO
1214 1497 1354 1566 EX
1414 1492 2215 1586 PYTHAGOREIS·

844 1624 918 1680 L.
951 1623 1268 1684 Hohtenio
1275 1625 1617 1700 ἰηιοιῬτεῑο.

209 1806 262 1852 1.
303 1737 668 1852 Adulatio
699 1769 919 1874 pictae
959 1773 1350 1856 armaturae
1387 1784 1619 1854 similis
1651 1801 1787 1869 est,
1828 1786 2119 1876 ideoque
2148 1790 2281 1856 ob-

199 1889 682 1956 lectamentum
717 1889 990 1985 quidem
1019 1890 1276 1974 adfert3
1319 1891 1438 1957 sed
1464 1913 1664 1956 usum
1692 1891 1960 1956 nullum
1974 1893 2277 1979 praebet.

367 2013 430 2056 2.
473 1989 778 2056 Eruditio
823 1989 1054 2058 similis
1081 2005 1180 2060 est
1211 2017 1501 2058 coronae
1529 1985 1811 2073 aureae,
1856 2015 2028 2080 quae
2056 1995 2280 2076 hono-

195 2118 341 2162 rem
361 2093 577 2158 'simul
607 2115 767 2158 cum
797 2094 1016 2181 pretio
1052 2097 1500 2184 conjunctum
1538 2093 1759 2161 habet.

175 2196 183 2206 ’
365 2197 428 2264 5.
451 2196 770 2284 Homines
795 2197 960 2264 vani
991 2209 1056 2262 et
1088 2199 1294 2282 leves,
1325 2196 1906 2285 quemadmodum
1936 2197 2095 2270 va'sa
2122 2196 2275 2264 ina-
2382 2237 2412 2264 κ.

195 2303 338 2387 nia,
380 2273 725 2368 facillime
741 2299 1016 2366 auribus
1048 2299 1370 2391 prehensi
1398 2301 1759 2366 ducuntur.

360 2406 426 2472 4.
471 2404 629 2475 Vita
665 2401 914 2469 musici
935 2404 1370 2471 instrumenti
1401 2404 1615 2469 instar
1642 2401 2039 2513 remissione
2068 2414 2135 2469 et
2160 2402 2273 2471 in..

187 2509 487 2577 tentione
512 2515 886 2595 temperata
911 2505 1188 2571 suavior
1213 2506 1579 2573 redditur.
1626 2568 1641 2577 ,
1856 2562 1865 2569 .

357 2612 420 2675 5.
465 2604 659 2675 Ratio
714 2604 800 2671 ad
839 2607 1054 2673 instar
1097 2606 1260 2673 boni
1301 2606 1553 2678 fictoris
1596 2604 1932 2696 egregiam
1980 2605 2270 2696 figuram

187 2714 416 2781 animo
443 2709 729 2776 inducit.

355 2814 416 2878 6.
461 2812 658 2879 Mens
703 2799 1091 2900 sapientum
1132 2811 1216 2877 ad
1254 2764 1471 2877 instar
1513 2810 1666 2878 auri
1708 2808 2026 2901 ponderis
2065 2828 2269 2897 quam

183 2918 566 3009 plurimum
601 2912 820 2981 habet.

357 3044 419 3107 7.
464 3016 862 3095 Iactantiae,
920 3015 1202 3107 perinde
1242 3026 1324 3081 ut
1367 3036 1722 3083 armorum
1762 3016 2265 3097 deauratorum,

187 3118 454 3197 interna
495 3120 790 3185 externis
837 3116 1367 3207 haudquaquam
1415 3118 1846 3209 respondent.

352 3225 414 3291 8.
458 3222 718 3296 Eadem
763 3220 1086 3287 orationis
1115 3220 1336 3297 virtus
1366 3223 1569 3307 atque
1600 3219 1962 3306 unguenti:
2006 3242 2169 3287 nam
2198 3223 2269 3287 e‘t

185 3326 358 3393 male
399 3324 674 3390 affectos
714 3346 836 3389 nos
879 3323 1103 3409 juvat,
1145 3334 1212 3388 et
1233 3322 1412 3389 bene
1442 3320 1759 3388 habentes
1790 3323 2095 3388 oblectat.

354 3452 419 3517 9.
465 3424 774 3493 Hominis
803 3422 1134 3515 improbi,
1173 3424 1358 3493 haud
1383 3446 1573 3490 secus
1606 3446 1682 3491 ac
1708 3420 1876 3495 mali
1900 3426 2082 3546 canis
2098 3475 2120 3511 ,
2164 3425 2266 3492 si·-

185 3530 508 3599 lentium
515 3529 772 3615 magis,
808 3536 1013 3614 quani
1041 3552 1188 3593 vox
1215 3528 1539 3597 cavenda.
2279 3611 2283 3619 =

357 3654 457 3697 ιο.
499 3632 740 3718 Neque
776 3632 980 3699 uxori
1021 3631 1274 3715 amica,
1332 3652 1553 3717 neque
1594 3629 1929 3737 amicitiae
1965 3629 2263 3697 adulatio

183 3732 450 3825 praefei
452 3732 647 3799 enda.
2220 3746 2229 3758 ·

353 3860 384 3902 1
405 3859 456 3901 ι.
503 3810 836 3903 Homines
882 3837 1136 3922 garruli
1179 3836 1630 3912 hirundinum
1684 3837 1899 3927 instar
1940 3834 2262 3903 continua

183 3940 595 4029 loquacitate
643 3940 1196 4009 conversationis
1203 3942 1620 4029 voluptatem
1657 3962 1791 4029 pei
1784 3940 1970 4005 dunt

352 4062 454 4111 12.
503 4040 830 4109 Homines
873 4044 1146 4111 malos*
1123 4068 1197 4111 m
1231 4045 1648 4133 impietatem
1695 4040 2077 4131 prolapsos,
2134 4010 2261 4106 des-

183 4158 440 4211 mentes
479 4166 644 4211 vero
695 4156 764 4211 et
801 4158 1159 4234 protervos
1195 4159 1539 4241 senectute
1562 4144 1923 4237 provectos
1950 4156 2259 4237 peccato-

185 4270 334 4313 rum
375 4247 599 4313 furiae
639 4248 1007 4335 exagitant.
