2813 4770
1236 445 1877 518 -τ--ε-ὀδ-ηο-

427 635 436 641 “
509 592 921 690 Ατοοεειιιιῐῗ
975 583 1183 684 miser
1207 617 1386 702 heu,
1430 616 1609 712 bona
1640 618 1763 704 qui
1790 615 2016 684 vicina
2036 637 2160 682 nee
2187 615 2393 696 audit,

511 724 652 791 Nec
687 722 896 806 videt..
943 721 1292 809 Effugium
1321 720 1524 811 pauci
1552 743 1803 788 novere
1827 721 2183 786 malorum.
2222 783 2229 790 .

735 1111 780 1135 ·-
841 1035 1340 1202 -LATmA
1395 1027 2199 1216 PA'RAPHRASIS

598 1248 999 1314 versuum
1058 1246 1188 1325 42,
1261 1243 1358 1311 45
1431 1262 1512 1308 et
1582 1219 1679 1313 44
1751 1246 2171 1312 Carminis
2242 1243 2503 1310 aurei.

724 1374 1007 1438 Ausonii
1039 1373 1354 1458 Idyllium
1381 1373 1565 1439 XVI.
1626 1373 2038 1463 Πυθαγορικῆ
2067 1372 2375 1461 ἀκρόασις.

509 1522 511 1526 ’
545 1599 548 1602 ,
636 1526 765 1596 Vir
803 1527 1022 1618 bouus
1049 1537 1117 1590 et
1143 1511 1409 1616 sapiens
1434 1527 1731 1613 (qualem
1760 1527 1882 1594 vix
1907 1529 2214 1620 repperit
2242 1547 2455 1594 unum
2482 1592 2487 1596 .

638 1628 942 1696 Millibus
985 1651 1022 1693 e
1042 1627 1648 1695 multishominum
1684 1632 2023 1697 consultus
2047 1631 2317 1720 Apollo)

641 1730 858 1798 Index
894 1729 1039 1818 ipse
1083 1729 1224 1812 sui,
1269 1741 1487 1798 totum
1514 1752 1584 1795 se
1608 1727 1931 1820 'explorat
1952 1732 2036 1798 ad
2061 1753 2383 1820 unguem,

643 1831 837 1920 Quid
873 1855 1219 1920 proceres,
1241 1831 1557 1918 .vanique
1591 1831 1769 1898 ferat
1811 1832 1972 1924 quid
2005 1833 2232 1923 opinio
2258 1832 2465 1920 vulgi,

553 1936 596 2002 5
638 1933 954 2009 Securus,
1000 1935 1244 2000 mundi
1263 1933 1479 2002 instar
1503 1934 1783 2016 habene,
1810 1946 1986 2000 teres
2014 1947 2218 2022 atque
2238 1934 2599 2017 rotundus,

641 2037 985 2106 Externae
1024 2059 1113 2106 ne
1134 2037 1302 2132 quid
1334 2031 1505 2104 labis
1534 2059 1661 2124 per
1689 2037 1871 2104 levia
1896 2037 2097 2105 sidat.

634 2139 792 2224 Ille,
837 2138 975 2203 dies
1007 2161 1213 2228 quam
1247 2139 1489 2225 longus
1524 2139 1656 2236 erit
1686 2138 1808 2204 sub
1834 2139 2051 2206 sidere
2079 2138 2318 2206 Canni
2300 2163 2343 2219 1,

639 2241 1050 2332 Quantaque
1086 2262 1224 2304 nox
1267 2249 1334 2303 ti
1336 2229 1531 2328 opicd
1570 2262 1641 2306 se
1682 2240 1975 2332 porrigit
2004 2241 2093 2310 in
2110 2218 2555 2328 Capricorno,

639 2344 936 2433 Cogitat.
978 2353 1045 2407 et
1083 2341 1259 2427 justo
1288 2341 1589 2408 nunnae
1614 2365 1685 2407 se
1708 2341 2025 2410 examine
2056 2345 2332 2433 pensat·

519 2468 598 2514 10
629 2450 742 2517 Ne
771 2444 932 2533 quid
975 2441 1152 2525 hiet,
1197 2465 1284 2509 ne
1313 2444 1479 2529 quid
1506 2444 1939 2532 protuberet,
1986 2446 2247 2531 angulis
2279 2446 2513 2537 aequis

633 2549 948 2618 Partibus
985 2556 1067 2611 ut
1079 2558 1312 2628 ,coeat‚
1358 2546 1457 2637 nil
1490 2558 1569 2613 ut
1595 2546 1837 2616 deliret
1860 2547 2167 2641 amussis.

641 2652 768 2720 Sit
786 2649 1111 2730 solidum,
1157 2627 1607 2737 quodcunque
1636 2648 1906 2717 subest.
1950 2672 2079 2715 nec
2108 2649 2334 2721 inania
2360 2650 2603 2760 subter

639 2754 893 2821 Indicet
925 2748 1238 2815 admotus
1268 2748 1489 2833 digitis
1516 2743 1927 2836 pellentibus
1952 2752 2147 2817 ictus.

635 2854 794 2923 Non
831 2852 1021 2945 prius
1044 2875 1115 2917 m
1147 2850 1415 2919 dulcem
1434 2852 1731 2921 declinat
1756 2852 2019 2917 lumina
2046 2874 2384 2937 somnum,

516 2957 594 3025 15
639 2955 892 3023 Omnia
917 2976 1122 3041 quam
1147 2952 1332 3040 longi
1363 2954 1783 3044 reputaverit
1807 2965 1955 3021 acta
1982 2954 2135 3021 diei.

639 3060 838 3148 Quae
854 3058 1441 3149 praetergressus?
1477 3056 1635 3143 quid
1664 3067 1929 3143 gestum
1944 3057 2401 3145 intempore?
2428 3056 2598 3145 quid

1460 3223 1465 3231 .
1665 3160 1899 3243 non?
1994 3226 2003 3234 .

641 3265 787 3331 Cur
829 3232 940 3329 isti
966 3261 1146 3329 facto
1172 3234 1374 3329 deeus
1389 3261 1607 3344 afuit3
1652 3273 1773 3327 aut
1796 3250 1970 3328 ratio
1996 3260 2144 3327 illi?

642 3364 831 3454 Quid
869 3363 1037 3433 mihi
1065 3365 1559 3453 praeteritum?
1604 3386 1725 3436 cur
1750 3362 1931 3432 haec
1921 3364 2285 3451 sententia
2312 3362 2507 3449 sedi-t,

640 3466 874 3557 Quam
911 3465 1150 3535 melius
1194 3478 1463 3555 mutare
1509 3464 1685 3532 fuit?
1732 3464 2089 3547 znlsaeratus⁸
2109 3476 2423 3553 egentem

516 3589 600 3637 20
643 3570 786 3635 Cur
830 3570 1122 3657 aliquem
1155 3568 1369 3634 fracta
1392 3567 1693 3657 persensi
1720 3577 1951 3633 mente
1986 3568 2336 3635 dolorem?

643 3671 828 3760 Quid
869 3672 1097 3753 volui,
1141 3673 1320 3757 quod
1351 3662 2071 3737 nolle'bohumfo‘rot?
2111 3670 2279 3737 utile
2306 3672 2597 3762 hene-sto

641 3774 783 3839 Cur
821 3776 1038 3842 malus
1077 3773 1399 3839 antetuli?
1444 3795 1611 3839 num
1638 3770 1815 3837 dicto
1846 3785 1965 3855 aut,
1998 3764 2286 3859 denique
2314 3774 2509 3842 vultu

645 3876 1039 3942 Perstrictus
1083 3874 1485 3961 quisquam?
1531 3897 1651 3941 eur
1691 3888 2079 3953 nie-natura
2104 3875 2315 3961 magis
2337 3898 2553 3963 qnam

639 3975 1012 4065 Disciplina
1059 3978 1313 4043 trahit?
1357 3976 1468 4045 Sic
1500 3977 1675 4043 dicta
1706 3988 1772 4041 et
1798 3975 1974 4042 facta
1994 3998 2123 4065 per
2150 3976 2382 4043 omnia.

521 4078 1035 4165 25x1ngrediens
1055 4124 1074 4155 ‚
1119 4091 1270 4145 orto
1314 4104 1351 4145 a
1385 4096 1669 4168 vespere
1694 4089 1935 4145 cuncta
1961 4081 2319 4162 revolvens

653 4179 968 4265 Offeusus
1009 4182 1267 4271 pravis,
1314 4182 1429 4249 dat
1456 4184 1753 4271 palmam
1786 4191 1853 4247 et
1879 4182 2184 4271 praemiet
2202 4181 2423 4269 rectis,
2513 4249 2525 4259 ,
