2813 4770
837 457 1527 524 *251*—

189 625 467 694 cruciabit
500 627 717 694 malus
766 629 1093 712 daemon,
1138 649 1348 718 usque
1378 653 1514 718 quo
1543 625 1744 696 etiam
1771 625 2217 698 novissimum

188 731 591 816 quadrantem
625 731 850 819 exigat
882 731 967 796 ab
1004 734 1123 798 eis.

325 833 420 900 55.
459 837 697 902 Beatus
750 836 898 919 vir,
968 836 1162 922 cujus
1198 833 1502 902 animam
1543 857 1744 902 nemo
1785 833 2226 924 reprehendit
2295 901 2300 908 .

185 935 251 1002 ad
282 935 468 1007 deum
500 949 799 1008 euntem.
2193 927 2248 966 *-

314 1037 416 1106 56.
458 1042 683 1107 Deum
730 1063 891 1133 ergo
932 1040 1198 1106 honora
1238 1059 1445 1131 mper
1487 1037 1749 1120 omnia,
1795 1049 1872 1104 ut
1916 1039 2062 1130 ipse
2093 1040 2226 1108 do-

187 1141 445 1208 minetur
470 1141 614 1206 tibi.

322 1245 414 1326 57.
470 1243 817 1334 Quicquid
862 1267 1068 1336 super
1109 1219 1342 1312 omnia
1382 1245 1859 1324 honoraveris,
1927 1243 2058 1310 hoc
2101 1243 2226 1314 tibi

185 1345 617 1428 dominabitur.
675 1346 747 1415 Si
790 1361 1017 1416 autem
1064 1349 1494 1416 dominatum
1537 1349 1635 1414 tui
1678 1348 1852 1435 gerit
1881 1348 2084 1429 deus,
2126 1345 2228 1412 ita

184 1460 243 1513 tu
277 1450 531 1516 demum
566 1451 1023 1518 dominaberis
1054 1453 1386 1519 omnibus.
1434 1515 1438 1518 ,
1552 1483 1558 1494 ·

319 1551 413 1620 58.
458 1553 695 1620 Ηοιιοι·
720 1575 1024 1620 summus
1054 1552 1180 1619 deo
1206 1555 1377 1620 scire
1411 1578 1572 1634 eum
1599 1567 1668 1621 et
1690 1552 1964 1621 imitari.

322 1655 417 1744 59.
456 1645 693 1724 Simile
738 1652 1011 1740 quidem
1060 1657 1184 1723 deo
1225 1679 1357 1746 per
1378 1650 1610 1724 omnia
1641 1657 1817 1722 nihil
1849 1666 1988 1735 est,
2035 1664 2227 1741 grata

182 1764 372 1822 tamen
398 1758 457 1836 ei
492 1772 593 1824 est
618 1757 996 1839 inferiolis,
1042 1773 1369 1846 quantum
1398 1759 1712 1849 possibile
1749 1769 1871 1841 est,
1913 1756 2226 1822 imitatio.

318 1859 415 1924 40.
460 1861 833 1949 Templum
880 1874 1189 1928 sanctum
1226 1875 1327 1928 est
1356 1864 1483 1928 deo
1511 1884 1702 1928 mens
1734 1860 1864 1950 pii,
1907 1871 1977 1924 et
2007 1861 2222 1926 altare

183 1970 260 2024 est
298 1958 622 2058 optimum
668 1963 731 2027 ei
762 1985 882 2028 cor
916 1967 1250 2031 mundum
1281 1977 1349 2030 et
1378 1967 1529 2031 sine
1551 1976 1851 2054 peccato·

318 2067 414 2130 41.
450 2053 686 2168 Hostia
728 2067 851 2131 soli
892 2067 1019 2132 deo
1056 2067 1481 2157 acceptabilis
1502 2112 1525 2145 ,
1569 2065 1962 2132 benefacere
1997 2061 2225 2130 homi·

182 2164 349 2230 nibus
375 2159 495 2256 pro
522 2167 676 2232 deo.

315 2267 410 2332 42.
452 2272 604 2336 Deo
627 2268 913 2358 gratiam
945 2282 1240 2359 praestat
1268 2272 1498 2348 horno,
1527 2271 1668 2360 qui,
1701 2279 2033 2359 quantum
2068 2290 2234 2358 pos-—

177 2367 335 2442 sibile
362 2382 495 2455 est,
544 2372 728 2439 vivit
751 2375 1124 2441 secundum
1157 2375 1399 2465 deum..

314 2474 410 2541 45.
452 2476 640 2541 Deus
669 2476 944 2563 quidem
970 2477 1219 2544 nullius
1250 2490 1414 2566 eget,
1455 2478 1673 2545 fidelis
1704 2487 1934 2543 autem
1965 2473 2076 2541 dei
2105 2494 2226 2539 so·-

177 2558 337 2657 lius;
357 2579 737 2643 aemulatur
765 2600 937 2697 ergo·
940 2580 1159 2659 illum,
1190 2584 1305 2669 qui
1336 2581 1590 2649 nullius
1618 2592 1790 2669 eget,
1821 2596 2236 2666 is,qu1pau-

179 2679 254 2743 cis
280 2682 341 2747 in
371 2680 577 2747 rebus
612 2682 999 2748 necessariis
1030 2668 1343 2771 indiget.

316 2781 413 2849 44.
459 2783 701 2869 satage
738 2806 1023 2877 magnus
1066 2787 1339 2874 quidem
1364 2808 1510 2851 esse
1540 2782 1723 2874 apud
1749 2780 1994 2885 deum,
2039 2772 2224 2868 apud

178 2881 450 2953 homines
496 2908 664 2951 vero
691 2887 1023 2954 invidiam
1046 2886 1229 2975 fuge.
1487 2948 1501 2957 .

312 2988 410 3054 45.
453 2990 527 3057 Si
573 2987 901 3077 benignus
962 2991 1051 3056 sis
1096 3012 1255 3079 erga
1294 2989 1707 3079 indigentes,
1773 3006 2059 3073 magnus
2105 3000 2235 3049 em

176 3092 327 3178 apud
364 3092 594 3157 deum.
960 3114 969 3125 ·

319 3194 418 3261 46.
462 3194 745 3283 Sapiens
792 3193 935 3275 vir,
980 3194 1172 3281 cujus
1216 3192 1512 3268 viventis
1553 3192 1830 3281 quidem
1875 3212 2094 3279 parva
2131 3198 2240 3254 est

176 3297 329 3383 apud
357 3297 669 3363 homines
700 3297 960 3387 opinio,
1005 3296 1312 3381 defuncti
1340 3320 1504 3364 vero
1537 3296 1751 3386 gloria
1779 3293 2229 3384 praedicatur.

248 3442 251 3451 ·
326 3398 426 3485 47.
470 3400 701 3465 Omne
747 3412 1058 3489 tempus,
1120 3422 1258 3487 quo
1302 3400 1387 3466 de
1426 3400 1552 3466 deo
1593 3415 1739 3464 non
1768 3398 2056 3484 cogitas,
2101 3394 2238 3459 hoo

178 3512 323 3586 puta
360 3515 427 3569 te
454 3501 844 3591 perdidisse.
912 3584 919 3591 .
1733 3536 1736 3541 ·

322 3603 424 3672 48.
468 3606 733 3693 Corpus
778 3604 1053 3693 quidem
1106 3616 1305 3670 tuum
1344 3599 1656 3670 incedat
1634 3626 1709 3668 ιιι
1739 3614 1962 3669 terra·
1940 3646 1966 3683 ‚
2007 3595 2237 3663 anima

177 3716 383 3772 autem
430 3730 701 3797 semper
740 3708 825 3775 sit
848 3708 1027 3799 apud
1060 3708 1285 3773 deum.
2206 3714 2222 3737 ‘'

205 3855 211 3860 -
320 3808 424 3897 49.
467 3810 793 3896 Intellige,
825 3824 1000 3899 quae
1036 3808 1171 3873 sint
1198 3794 1398 3887 bona,
1425 3816 1504 3871 ut
1529 3796 1703 3873 bene
1730 3816 1910 3890 agas.

326 3910 426 3977 50.
469 3912 661 3978 Bona
686 3913 996 3998 cogitatio
1028 3910 1321 3977 hominis
1353 3911 1562 3976 deum
1589 3932 1732 3975 non
1761 3909 1940 3988 latet,
1983 3915 2054 3969 et
2083 3901 2240 4001 ideo

190 4010 479 4097 cogitatio
516 4026 632 4079 tua
657 4034 828 4101 pura
855 4012 943 4079 sit
969 4011 1052 4077 ab
1078 4012 1263 4078 omni
1286 4014 1491 4078 malo.

198 4114 207 4121 ’
326 4118 430 4181 5ι.
472 4116 733 4204 Dignus
778 4127 919 4182 esto
965 4136 1081 4198 eo,
1142 4114 1260 4200 qui
1286 4126 1356 4180 te
1382 4114 1720 4201 dignatus·
1709 4121 1843 4177 ·est
1869 4108 2098 4177 filium
2129 4106 2244 4174 di-

180 4235 355 4294 cene,
398 4230 466 4283 et
492 4241 611 4306 age
646 4219 873 4285 omnia
898 4229 975 4284 ut
994 4215 1173 4285 filius
1196 4216 1328 4283 dei.
