2813 4770
825 443 1506 510 ---255·---

306 617 413 704 74.
458 615 1114 706 Lingua'maliloqua
1134 613 1467 680 indicium
1497 621 1597 678 est
1623 610 1865 677 mentis
1891 614 2128 680 malae.

232 755 242 766 ·
306 721 414 804 75.
458 721 771 786 Insuesce
808 718 1111 802 linguam
1152 728 1347 782 tuam
1378 713 1553 781 bene
1576 715 1921 801 proloqui,
1968 730 2036 784 et
2061 717 2228 786 ma&

130 822 359 905 xime,
402 845 563 889 cum
610 819 695 886 de
729 820 855 885 deo
884 817 965 884 fit
984 839 1225 890 sermo.
2205 837 2214 844 '

307 925 411 1011 76.
456 925 715 991 Nocere
739 923 865 988 deo
900 943 1105 988 nemo
1127 931 1366 1010 potest.

271 1049 411 1112 ’77
454 1026 715 1117 Impius
746 1025 821 1092 in
852 1023 1057 1091 deum
1086 1021 1453 1090 maledicus
1481 1033 1548 1088 et
1575 1019 1858 1090 infestus
1883 1034 1951 1089 et
1973 1035 2220 1106 contu-
2295 1089 2302 1096 .

131 1128 457 1196 meliosus
480 1141 603 1195 est·-
1975 1151 1978 1158 ·

308 1228 416 1314 78.
457 1229 1011 1298 Fundamentum
1040 1227 1310 1316 pietatis
1338 1239 1442 1294 est
1457 1228 1906 1298 continentia·
1952 1177 2224 1298 culmen

135 1343 371 1400 autem
402 1333 677 1423 pietatis
706 1351 901 1396 amor
933 1329 1063 1395 dei.

305 1455 411 1522 79.
456 1435 659 1500 Pium
704 1430 1055 1498 hominem
1094 1430 1338 1498 habeto
1380 1443 1706 1521 tanquam
1739 1445 1810 1498 te
1847 1433 2091 1522 ipsum.

304 1545 412 1613 80.
460 1539 643 1626 Opta
672 1534 795 1601 tibi
825 1534 1125 1609 evenire.
1172 1557 1317 1602 non
1348 1535 1532 1622 quod
1565 1537 1689 1620 vis,
1731 1536 1848 1644 sed
1877 1537 2062 1623 quod
2085 1559 2222 1606 exq-

182 1640 346 1708 edit.

132 1663 177 1730 P
310 1739 419 1806 81.
466 1740 765 1831 Qualem
818 1738 919 1806 vis
976 1758 1121 1803 esse
1172 1735 1572 1824 proximum
1621 1751 1818 1808 tuum
1864 1739 2017 1826 tibi,
2071 1739 2224 1810 talis

138 1855 281 1911 esto
312 1854 391 1914 et
408 1853 487 1908 tu
514 1843 647 1908 tuis
674 1839 1025 1931 proximis.

142 1955 149 1962 ’
307 1943 418 2013 82.
466 1945 668 2034 Quae
712 1945 982 2032 culpas,
1024 1938 1249 2007 facere
1270 1941 1436 2010 noli.

306 2045 413 2114 85.
458 2044 645 2114 Nulli
692 2043 1003 2112 suadenti
1040 2043 1428 2189 acquiescas
1467 2055 1714 2134 petere
1729 2043 1916 2132 quod
1950 2067 2088 2112 non
2127 2059 2228 2112 est
2330 2049 2342 2056 “

132 2147 419 2216 bonum.
1810 2191 1826 2207 2

312 2250 421 2318 84.
464 2203 673 2340 Quod
723 2250 887 2315 deus
915 2248 1037 2314 tibi
1069 2248 1217 2331 dat,
1262 2250 1491 2316 nullus
1521 2248 1796 2314 auferre
1817 2260 2056 2337 potest}
2165 2307 2170 2316 .
2289 2324 2296 2334 Ι

308 2349 416 2419 86.
459 2351 779 2421 Delibera
827 2351 1221 2440 priusquam
1274 2373 1476 2442 agas,
1555 2362 1660 2416 et·
1653 2363 2028 2439 antequam
2069 2375 2224 2445 agas

136 2456 463 2548 provido.
510 2456 709 2543 quale
746 2455 869 2537 sit,
912 2456 1095 2549 quod
1132 2452 1430 2521 factums
1459 2472 1549 2519 es.

312 2558 416 2627 86.
459 2557 535 2627 Si
561 2556 725 2646 quid
750 2578 902 2626 non
916 2557 1027 2625 vis
1058 2550 1230 2623 scire
1256 2555 1484 2634 deum,
1503 2544 1706 2641 isiud
1725 2576 1852 2621 nec
1883 2578 2064 2645 agas,
2099 2581 2226 2637 nec

140 2684 223 2729 co
270 2661 1808 2728 tes..

221 2682 291 2749 ει
312 2763 421 2849 87.
464 2761 864 2849 Priusquam
887 2782 1063 2849 agas,
1090 2761 1546 2849 quodcunque
1573 2758 1737 2845 agis,
1771 2758 1988 2845 cogita
2002 2752 2224 2845 deum,

137 2878 219 2933 ut
246 2868 367 2933 lux
398 2866 545 2951 ejus
578 2865 943 2953 praecedat
968 2874 1154 2929 actus
1180 2875 1361 2929 tuos.

310 2965 421 3035 88.
468 2966 763 3035 Grandis
810 2966 1121 3053 impietas
1146 2964 1221 3031 in
1254 2964 1460 3047 deum
1485 2962 1796 3052 affligere
1813 2962 2181 3051 hominem.

318 3078 425 3159 89.
467 3067 722 3136 Anima
751 3067 1135 3147 illustratur
1153 3064 1624 3133 recordatione
1648 3065 1782 3134 dei.

314 3191 419 3259 90·
466 3171 837 3237 Contentus
866 3190 1010 3233 esse
1034 3166 1497 3236 mediocribus
1521 3165 1770 3233 stude.

295 3288 427 3361 '91-
466 3272 628 3339 Noli
662 3270 897 3337 omnia
924 3271 1425 3358 concupiscere.

316 3394 423 3463 92.
473 3374 877 3441 Occasioncs
922 3370 1267 3439 bonorum
1297 3371 1656 3460 perquire,
1701 3369 1902 3437 etiam
1934 3394 2092 3441 cum
2121 3372 2234 3451 laq

138 3480 341 3545 bore.
1390 3516 1397 3526 ·
2203 3489 2216 3497 ·

318 3580 427 3668 95.
472 3576 627 3646 Noli
668 3574 943 3665 diligere
978 3596 1090 3656 ea,
1132 3594 1307 3662 quae
1334 3576 1636 3664 corporis
1663 3587 1848 3647 sunt.

320 3680 431 3770 94.
472 3677 915 3757 Immundum
946 3675 1299 3743 hominem
1326 3676 1493 3771 facit
1519 3689 1704 3744 actus
1735 3676 1978 3764 turpis.

322 3785 437 3872 96.
477 3781 821 3867 Purgatur
860 3776 1089 3861 anima
1126 3777 1538 3865 insipientis,
1583 3800 1740 3845 cum
1779 3778 2095 3865 arguitur
2123 3776 2236 3847 in·-

146 3888 483 3957 trinsecus
528 3884 746 3948 latens
774 3902 1005 3947 sensus
1036 3881 1095 3966 ej
1103 3902 1204 3946 us.

318 3987 427 4077 96.
466 3986 655 4053 Deus
697 3984 772 4051 in
796 3980 997 4051 bonis
1023 3980 1281 4049 actibus
1309 3978 1699 4053 hominibus
1733 3922 1875 4051 dux
1902 3993 2051 4050 cst.
2124 4048 2140 4059 ,

319 4112 428 4182 97.
470 4080 877 4181 Neminem
856 4082 1213 4159 inimicum
1238 4080 1544 4172 deputes.
1940 4110 1944 4115 ·
