2813 4770
386 655 491 738 74.
520 657 827 726 ,iustitiae
858 673 927 726 et
952 659 1217 727 virtutis
1247 659 1619 726 maximam
1646 674 1906 754 partem
1932 662 2156 747 habet,
2185 659 2301 752 qni

216 759 508 824 honorat
540 759 799 826 honore
836 761 1089 850 dignos.
1122 759 1349 847 [Stob.
1384 761 1586 850 ibid]

387 879 496 964 75.
540 879 643 945 Ne
686 881 894 965 magis
924 877 1091 947 alios
1119 877 1431 951 homines
1461 905 1816 950 revel-eale
1847 909 2050 971 quam
2088 896 2156 950 te
2183 887 2300 972 ip-

220 1003 416 1062 sum3
471 1003 693 1067 neque
734 982 947 1091 magis
990 982 1377 1070 delinquas,
1432 986 1489 1050 si
1535 1007 1738 1050 nemo
1779 987 2150 1053 iesciturus
2193 989 2301 1064 sit,

216 1101 424 1166 quam
465 1083 524 1148 si
558 1102 793 1148 omnes
832 1057 1156 1189 homines·
1215 1085 1350 1153 Sed
1386 1097 1452 1149 te
1475 1080 1700 1176 ipsum
1731 1088 2028 1153 maxime
2061 1113 2306 1156 verea-
2389 1083 2426 1146 ζ

216 1183 340 1264 riS,
387 1196 456 1249 et
498 1186 675 1250 hanc
716 1178 943 1252 animo
990 1200 1111 1252 tuo
1157 1189 1375 1274 legem
1420 1191 1822 1274 constituas,
1863 1202 1945 1292 ut
1976 1190 2144 1256 nihil
2173 1191 2304 1257 ab·

215 1287 507 1352 suidam
547 1289 940 1354 committat.
989 1289 1211 1375 [Stob.
1242 1289 1406 1355 ibid.
1413 1292 1448 1380 ]

383 1405 489 1489 76.
534 1407 857 1474 Homines
887 1413 1064 1476 male
1103 1431 1307 1496 quam
1336 1409 1512 1476 bene
1544 1407 1882 1478 factorum
1915 1411 2128 1500 magis
2150 1427 2307 1480 sunt

216 1526 576 1589 memoreS,
622 1521 827 1602 atque
852 1513 943 1578 ita
971 1513 1114 1578 fieri
1146 1511 1246 1577 fas
1270 1523 1388 1577 est.
1437 1513 1550 1580 Sic
1577 1508 1698 1598 qui
1727 1512 2110 1600 depositum
2143 1517 2304 1580 red·
2389 1551 2397 1560 ·

215 1607 353 1690 dit,
420 1613 691 1678 laudari
741 1638 880 1680 non
919 1627 1273 1681 meretur:
1328 1625 1399 1679 at
1435 1615 2050 1705 reprehensionem,
2090 1616 2304 1681 immo

213 1731 512 1798 poenam
533 1725 867 1800 meretur,
912 1717 1035 1804 qui
1059 1740 1196 1782 non
1224 1715 1467 1782 reddit.
1514 1717 1704 1782 Idem
1733 1714 1808 1780 in
1833 1715 2146 1804 principe
2176 1718 2306 1782 ob-

213 1812 424 1894 tinet,
470 1815 586 1902 qui
624 1841 787 1899 non,
815 1831 894 1883 ut
930 1821 1108 1884 male
1138 1819 1359 1904 faciat,
1398 1816 1706 1906 eligitur,
1739 1814 1868 1883 'sed
1897 1830 1972 1884 ut
1996 1819 2166 1884 bene
2193 1817 2306 1885 fa·-

216 1914 373 1981 eiat.
420 1917 644 2004 [διώ.
684 1919 887 2006 ἐῶσι]
2403 1905 2408 1916 ’

387 2059 495 2122 77.
534 2014 897 2135 NonJfieri
937 2053 1193 2130 potest,
1261 2051 1343 2107 ut
1378 2061 1693 2135 praesens
1743 2050 1844 2104 est
1885 2038 2307 2130 reipublicae

210 2137 429 2221 ratio,
476 2141 643 2226 quin
686 2142 1026 2232 principes
1065 2145 1264 2210 etiam
1308 2144 1512 2225 vaide
1555 2139 1718 2205 boni
1760 2140 1990 2225 iniqua
2036 2138 2307 2209 faciant.

208 2239 452 2328 Neque
492 2243 678 2310 enim
704 2246 900 2311 aliter
924 2269 1051 2336 par
1078 2258 1178 2311 est
1200 2269 1408 2334 quam
1435 2243 1614 2310 male
1646 2241 2037 2331 succedere,
2086 2265 2306 2329 quum

214 2366 294 2411 ea
318 2347 393 2411 in
423 2346 713 2413 aliorum
741 2358 1071 2437 potestate
1096 2360 1217 2443 est.
1264 2345 1646 2436 Oportebat
1675 2356 1906 2413 autem
1935 2369 2043 2411 res
2074 2345 2168 2413 ita
2192 2347 2308 2413 in-

214 2448 432 2531 stitui,
467 2462 567 2532 ut,
602 2451 719 2535 qui
747 2452 1007 2517 nemini
1032 2450 1357 2537 injuriam
1386 2448 1572 2535 facit,
1617 2448 1878 2514 etiamsi
1904 2448 2310 2534 injuriarum

212 2561 530 2615 auctores
555 2553 753 2618 valde
778 2555 1315 2640 persequeretur,
1342 2576 1486 2618 non
1515 2566 1745 2619 tamen
1774 2552 1845 2617 in
1870 2550 2145 2614 illorum
2174 2568 2322 2638 po-·

210 2663 533 2717 testatem
559 2655 854 2721 venii-etz
882 2657 993 2727 sed
1029 2656 1143 2721 vel
1172 2656 1397 2742 aliqua
1413 2656 1559 2741 lege
1588 2654 1697 2719 vel
1721 2652 1921 2719 aliter
1947 2652 2026 2735 is,
2050 2652 2168 2739 qui
2189 2656 2309 2740 ju-

214 2754 475 2819 stitiam
522 2754 701 2836 colit,
730 2755 1239 2822 defenderetur.
1271 2754 1492 2841 [Stob.
1525 2754 1722 2842 ibid]

390 2854 497 2941 78.
540 2858 884 2947 Imperare
938 2870 1184 2925 natura
1241 2857 1601 2949 proprium
1660 2843 1762 2923 est
1804 2854 2305 2944 praestantiori.

214 2958 443 3049 [Stob.
468 2958 690 3025 Serm.
718 2958 963 3029 XLV.
994 2960 1180 3049 quod
1204 2962 1474 3053 optima
1501 2961 1594 3025 sit
1618 2956 2090 3043 Monarchia]

397 3100 508 3169 79.
550 3075 771 3147 Metus
798 3082 1253 3171 adulationem
1285 3082 1482 3171 parit,
1511 3080 1626 3144 sed
1658 3078 2164 3145 benevolentiae
2186 3057 2311 3144 ei}-

214 3204 376 3272 pers
410 3193 535 3248 est.
570 3182 785 3269 [Stob.
814 3178 1328 3250 SermLXLVI.
1358 3177 1892 3249 Admonibimes
1918 3178 2002 3243 de
2034 3178 2306 3269 regno]
2341 3222 2344 3227 -

396 3308 557 3378 80.*
598 3302 903 3371 Audacia
918 3302 1330 3391 principium
1350 3303 1634 3369 actionis
1661 3314 1762 3382 est
1781 3330 1800 3368 ι
1846 3301 2122 3367 fortuna
2151 3319 2334 3391 vero·

218 3394 630 3471 dominatur·
666 3403 809 3471 fini.
848 3404 1066 3491 [Stob.
1094 3403 1313 3471 Serm.
1343 3404 1618 3473 XLIX.
1649 3407 1807 3472 laus
1830 3400 2226 3483 audaciam]

400 3522 509 3591 81.
556 3522 815 3603 Servis,
871 3534 963 3589 ut'
1006 3524 1309 3612 partibus
1382 3523 1725 3611 eorporis,
1785 3522 1915 3588 alio
1989 3521 2076 3586 ad
2130 3518 2311 3589 aliud

218 3638 448 3694 utere.
496 3623 717 3716 [Stob.
751 3626 975 3692 Serm.
1002 3622 1166 3691 LX.
1202 3624 1286 3691 de
1318 3623 1616 3691 dominis
1647 3632 1715 3687 et
1747 3623 2024 3710 servia]

402 3819 510 3897 82'.
556 3824 989 3899 Amatorium
1046 3829 1302 3895 crimen
1348 3822 1561 3895 'diluit
1610 3826 1758 3916 ipsa
1808 3844 1986 3911 >qnae
2028 3834 2312 3891 amatur.

220 3934 449 4023 [Stob.
492 3932 711 3999 Serm.
744 3930 946 3996 LXI.
979 3929 1063 3995 de
1099 3926 1373 3997 Venere
1404 3942 1476 3997 et
1497 3927 1820 4015 Amore]
2323 3990 2348 4001 ξ

404 4034 509 4102 85
554 4034 808 4100 Mulier
852 4034 1069 4106 multo
1113 4054 1319 4120 quam
1359 4032 1473 4099 vir
1500 4029 1836 4120 promtior
1875 4037 1976 4093 est
2003 4026 2090 4093 ad
2122 4039 2318 4092 astu-

226 4134 398 4205 tiam
448 4150 519 4205 et
545 4136 1057 4227 malignitatem.
1102 4132 1315 4290 [διοό.
1340 4132 1564 4201 Serm·
1597 4130 1872 4203 LXXI.
1895 4132 2342 4221 vituperium

230 4240 703 4331 mulierum]
1804 4274 1812 4281 -
2317 4253 2339 4283 ·-
