2813 4770
590 849 1244 1055 Ιι’ἔιιιέἰΝιιε
1294 915 2132 1034 -APRoNIANO
2208 915 2488 1017 sno·

1433 1102 1502 1171 S.
1589 1104 1674 1170 D.
2011 1107 2018 1116 ⁸

684 1289 857 1372 Scio,
898 1288 1057 1377 quia
1102 1290 1272 1356 sic-ut
1306 1312 1476 1379 grex
1519 1289 1603 1356 ad
1634 1312 1872 1356 vocem
1902 1288 2168 1378 proprii
2197 1287 2486 1375 pastoris
2513 1286 2596 1353 li-

513 1389 750 1458 benter
791 1394 1115 1474 accurrit,
1159 1393 1254 1458 ita
1296 1405 1365 1458 et
1399 1389 1754 1476 religiosus
1793 1391 2064 1458 auditor
2087 1389 2443 1457 vernaculi
2469 1391 2595 1455 do-

516 1487 716 1560 ctoris
762 1493 1330 1562 admonitionibus
1362 1493 1629 1582 gaudet.
1722 1493 1910 1584 Quia
1947 1515 2141 1580 ergo,
2199 1491 2596 1558 charissime

516 1596 618 1662 fili
660 1599 1082 1686 Aproniano,
1128 1598 1438 1684 religiosa
1483 1596 1624 1663 filia
1669 1619 1861 1678 mea,
1905 1616 2098 1661 soror
2126 1597 2266 1681 jam
2296 1595 2370 1660 in
2397 1594 2604 1660 Chri-

519 1711 623 1764 sto
669 1710 818 1780 tua,
861 1711 1257 1788 poposcerat
1300 1723 1339 1764 a
1382 1722 1536 1780 me,
1596 1711 1673 1764 ut
1711 1699 1772 1764 ei
1809 1697 2080 1784 aliquid,
2129 1698 2306 1784 quod
2335 1697 2601 1782 legeret,

519 1799 653 1864 tale
696 1823 1211 1888 componerem,
1257 1802 1373 1868 nbi
1427 1813 1652 1888 neq‘ue
1679 1800 2055 1867 laboraret
2037 1823 2108 1865 m
2139 1797 2601 1884 intelligendo,

455 1902 461 1908 ’
521 1913 757 1986 aperto
788 1913 855 1964 et
880 1903 1038 1967 satis
1066 1905 1269 1990 plano
1295 1927 1651 1984 sermone3
1695 1901 2015 1970 Sixtum
1997 1925 2068 1966 ιιι
2084 1903 2403 1969 Latinum
2449 1925 2604 1967 ver-

522 1999 596 2083 ti,
624 2024 823 2088 quem
854 2002 1176 2070 Sixtum
1156 2029 1383 2094 ipsum
1413 2029 1552 2072 esse
1581 2004 1883 2084 tradunt,
1913 2004 2032 2090 qui
2059 2004 2242 2093 apud
2273 2021 2396 2069 vos
2421 2004 2602 2070 idem

524 2099 597 2166 in
643 2103 815 2168 uibe
857 2105 1162 2182 Romana
1202 2109 1436 2176 Sixtus
1486 2120 1798 2190 vocatur,
1845 2108 2144 2196 episcopi
2187 2115 2254 2169 et
2285 2109 2607 2194 martyris

526 2204 745 2288 gloria
784 2207 1157 2278 decoratus.
1214 2214 1412 2280 Hunc
1443 2234 1602 2298 ergo
1633 2233 1788 2275 cum
1816 2210 2092 2296 legerit,
2136 2208 2443 2274 inveniet
2471 2221 2604 2276 tam

528 2306 841 2391 brevem,
886 2321 967 2374 ut
1005 2313 1229 2379 videat
1270 2315 1550 2403 singulis
1597 2312 1900 2383 versibus
1942 2311 2238 2397 ingentes
2290 2312 2606 2400 explicari

528 2430 792 2491 sensus,
838 2422 975 2478 tam
1008 2416 1480 2483 vehementem
1499 2466 1518 2499 ,
1565 2428 1643 2480 ut
1667 2435 1904 2481 versus
1933 2414 2261 2480 sententia
2287 2417 2370 2483 ad
2407 2419 2602 2490 totius

530 2513 741 2599 possit
766 2514 1255 2609 perfectionem
1286 2516 1831 2615 viltae'sufficere,
1873 2526 2015 2581 tam
2049 2516 2506 2599 manifestum,
2537 2534 2610 2587 nt

532 2634 661 2678 nec
702 2615 1005 2683 assistens
1046 2621 1318 2705 quidem
1358 2622 1603 2710 legenti
1629 2618 1894 2709 puellae
1923 2630 2282 2705 expertem
2309 2645 2382 2687 se
2407 2623 2606 2689 intel-

532 2714 748 2783 lectus
787 2738 930 2783 esse
970 2733 1302 2787 causetur.
1376 2724 1604 2788 Omne
1645 2733 1870 2787 autem
1915 2744 2087 2809 opus
2116 2722 2223 2788 ita
2250 2722 2494 2808 breve,
2537 2739 2606 2791 ut

538 2816 620 2881 de
663 2840 871 2885 manu
904 2824 1043 2907 ejus
1069 2845 1420 2911 nunquam
1451 2826 1662 2913 possit
1690 2824 2047 2917 recedere,
2097 2836 2275 2889 totus
2301 2826 2414 2893 hic
2443 2776 2605 2895 liber

538 2914 631 2982 ibi
674 2920 939 3007 pristini
976 2924 1248 3010 alicujus
1274 2929 1550 3016 pretiosi
1581 2928 1890 2995 obtinens
1917 2928 2154 2993 annuli
2194 2927 2442 2993 locum.
2535 2932 2610 2997 Et

540 3038 776 3087 revera
813 3046 1104 3110 aequum
1152 3028 1458 3113 videtur,
1501 3044 1612 3111 ut,
1663 3031 1776 3095 cui
1809 3052 1935 3118 pro
1966 3030 2178 3095 verbo
2207 3028 2316 3094 dei
2357 3040 2610 3097 terrena

542 3139 940 3192 ornamenta
982 3130 1422 3215 sorduerunt,
1467 3156 1649 3199 nunc
1677 3155 1716 3197 a
1745 3132 1936 3198 nobis
1963 3132 2048 3198 ad
2083 3132 2296 3198 vicem
2327 3133 2522 3199 verbi
2549 3145 2610 3199 et

543 3223 907 3311 sapientiae
936 3232 1292 3301 monilibus
1324 3234 1714 3302 adornetur.
1771 3235 1971 3303 Nunc
2004 3257 2162 3323 ergo
2185 3233 2464 3300 interim
2493 3237 2614 3301 ha·-

545 3322 788 3393 beatur
828 3330 903 3395 in
926 3330 1235 3401 manibus
1258 3359 1383 3425 pio
1411 3338 1663 3404 annulo
1694 3336 1867 3401 liber
1879 3384 1936 3417 ,
1925 3334 2149 3425 paulo
2179 3345 2331 3423 post
2356 3358 2522 3405 vero
2550 3337 2618 3403 in

548 3427 943 3514 thesaurum
970 3437 1325 3525 proficiens
1352 3452 1529 3507 totus
1560 3452 1864 3507 servetur
1896 3438 1972 3503 in
2002 3436 2230 3519 corde,
2273 3459 2614 3507 sermones

550 3529 943 3622 disciplinae
966 3552 1034 3604 et
1058 3540 1399 3609 bonorum
1431 3554 1702 3609 actuum
1735 3538 2230 3607 communionis
2265 3538 2350 3603 de
2381 3540 2612 3608 intimo

551 3650 979 3723 suggesturus
1034 3666 1305 3710 arcano·
1403 3640 1650 3725 Addidi
1709 3654 1778 3708 et
1845 3645 2068 3713 electa,
2087 3640 2422 3728 quaedam
2465 3644 2620 3709 reli-

551 3735 725 3822 giosi
766 3744 1065 3829 parentis
1112 3746 1193 3811 ad
1236 3746 1493 3830 filium,
1549 3746 1663 3813 sed
1705 3746 1914 3811 breve
1955 3756 2214 3824 totum,
2257 3757 2338 3811 ut
2383 3748 2616 3823 merito

550 3858 755 3905 omne
788 3848 1183 3933 opusculum
1225 3851 1335 3915 vel
1364 3848 1800 3933 enchiridion,
1826 3849 1888 3917 si
1911 3848 2202 3937 Graece,
2235 3850 2353 3917 vel
2379 3849 2613 3920 Latino

558 3944 847 4015 annulus
868 3950 1265 4089 appeiletur.
1308 3952 1494 4023 Vale.
