2813 4770
1137 182 1185 219 Ι

894 418 1676 505 *155--5

125 669 134 680 ἱ
364 609 421 677 9.
460 588 540 673 Δί
550 601 671 655 unt
700 588 1177 682 Democritum
1212 588 1582 659 Abderiten
1597 633 1617 664 ,
1660 610 1818 655 cum
1845 590 2036 655 nullo
2061 588 2268 657 modo

219 702 411 777 posset
461 690 751 758 Darium
772 736 795 767 ,
860 684 975 758 cui
1028 694 1263 781 paullo
1302 704 1464 759 ante
1507 712 1686 758 uxor
1728 685 2189 779 pulcherrima
2227 714 2268 759 e

216 791 337 856 vita
358 804 771 875 excesserat,
814 793 1178 875 consolari,
1220 816 1292 859 se
1323 793 1423 859 illi
1451 805 1795 861 mortuam
1825 794 2266 861 resuscitatu-

214 918 349 959 rum
390 894 679 981 dixisse,
722 896 780 964 si
822 898 1025 963 vellet
1068 918 1178 963 res
1219 896 1467 963 adhoc
1493 896 1836 985 negotium
1865 896 2265 963 necessarias

213 997 652 1083 suppeditare3
710 1016 1003 1087 cumque
1048 1020 1175 1063 rex
1218 1020 1375 1064 eum
1418 999 1730 1086 juberet,
1773 1000 1962 1067 nulla
1997 1010 2261 1065 sumtus
2359 1014 2366 1029 ¹

210 1099 441 1163 ratione
484 1100 715 1165 habita
733 1126 775 1183 ,ι
814 1100 1139 1189 quidquid
1184 1122 1353 1191 opus
1380 1116 1555 1169 esset
1583 1103 1922 1191 accipere,
1967 1100 2260 1189 promis·

208 1222 386 1285 saque
411 1214 784 1289 praestaret
826 1215 978 1269 tum
1006 1204 1375 1293 paullisper
1402 1216 1796 1272 cunctatum
1827 1204 2092 1285 dixisse,
2137 1224 2254 1267 ce·-

206 1312 329 1368 tera
364 1304 637 1389 quidem
678 1302 807 1369 sibi
834 1304 1105 1371 abunde
1126 1318 1518 1395 suppetere,
1561 1330 1780 1373 unum
1813 1307 2083 1385 deesse,
2125 1324 2257 1369 ne-

204 1428 313 1491 que
337 1406 399 1471 id
426 1406 1003 1494 quemadmodum
1032 1408 1267 1475 haberi
1291 1422 1532 1499 posset,
1559 1433 1636 1477 se
1661 1406 2066 1497 intelligere:
2107 1408 2255 1473 Da·-
2293 1494 2316 1503 -

204 1511 355 1573 rium
382 1522 644 1591 tamen,
689 1511 870 1597 quod
898 1510 1111 1577 totius
1141 1498 1339 1579 Asiae
1364 1534 1491 1579 rex
1518 1516 1704 1595 esset,
1746 1510 1942 1577 facile
1966 1510 2250 1576 fortasse

202 1624 715 1681 consecuturum.
828 1614 957 1681 Hic
1012 1635 1171 1679 cum
1226 1626 1498 1701 rogaret
1547 1614 1696 1695 ille,
1765 1612 1928 1701 quid
1971 1603 2248 1679 tandem

201 1726 311 1779 tam
342 1736 666 1802 magnum
690 1725 883 1796 esset,
914 1716 1090 1801 quod
1114 1738 1275 1803 rege
1302 1729 1589 1807 excepto
1615 1738 1820 1788 nemo
1836 1715 2046 1803 possit
2074 1710 2250 1777 aliua

198 1816 609 1905 comparare?
651 1838 1047 1905 responsum
1080 1843 1121 1885 a
1142 1820 1538 1886 Democrito
1568 1807 1745 1895 tul'it,
1789 1817 1847 1883 si
1870 1818 2082 1885 trium
2111 1812 2247 1879 ho-

199 1922 432 1985 minum
483 1918 793 2001 nomina,
850 1942 1018 2009 quos
1076 1922 1308 1987 nullus
1371 1943 1678 2009 unquam
1735 1915 2245 2010 perturbaverit

196 2022 375 2087 animi
420 2044 731 2103 moeror,
796 2022 1157 2112 sepulchro
1202 2020 1558 2089 defunctae
1583 2020 1954 2088 inscribere
1989 2018 2234 2097 valeatj

196 2135 314 2189 tum
346 2122 531 2206 fore,
576 2122 659 2188 ad
698 2124 878 2189 hanc
917 2124 1137 2191 vitam
1180 2136 1261 2189 ut
1300 2125 1564 2206 redeat,
1605 2122 1848 2191 ritibus
1884 2118 2016 2189 illis
2053 2116 2243 2208 quasi

192 2226 342 2292 victa
381 2224 643 2291 cedens.
726 2226 831 2292 Ea
864 2248 937 2291 re
981 2224 1381 2315 perturbato
1423 2224 1662 2301 Dario,
1707 2248 1868 2291 cum
1893 2221 2240 2293 neminem

192 2329 602 2396 inventurum
642 2350 713 2394 se
743 2328 1079 2410 crederet,
1122 2328 1232 2396 cui
1254 2329 1582 2395 moeroris
1609 2326 1684 2394 in
1715 2327 1846 2394 hac
1875 2326 2014 2394 vita
2047 2344 2236 2392 nun-

194 2457 373 2520 quam
414 2433 501 2497 sit
540 2429 763 2497 oblata
788 2431 1047 2498 occasio
1062 2479 1083 2513 ‚
1124 2430 1552 2498 Democritus
1582 2430 1702 2514 (ita
1733 2429 1913 2496 enim
1941 2425 2234 2510 solebat)
2267 2485 2274 2492 .

193 2537 314 2601 risu
338 2534 859 2611 diffundebatur,
902 2534 1234 2623 inquiens,
1277 2535 1369 2602 Et
1410 2547 1511 2616 tu,
1536 2533 1920 2600 mortalium
1948 2528 2234 2616 ineptis-

140 2647 164 2668 ’
194 2637 355 2720 sime,
379 2661 518 2704 non
548 2636 803 2704 vereris
832 2639 1061 2724 lugere
1087 2635 1297 2702 effuse
1316 2683 1339 2712 ,
1382 2638 1566 2704 solus
1597 2633 1785 2724 quasi
1811 2633 1900 2701 sis
1925 2633 2097 2722 ipse,
2119 2625 2232 2696 cui

193 2738 415 2825 aliquid
450 2739 766 2827 obtigerit
808 2737 1203 2822 infortunii,
1250 2762 1410 2806 cum
1455 2735 1774 2804 invenire
1815 2749 2046 2804 tamen
2086 2755 2230 2806 non

193 2841 405 2930 possis,
448 2865 683 2910 omnes
707 2841 1062 2908 hominum
1088 2825 1601 2931 pervestigando
1637 2849 1882 2906 aetates
1900 2888 1919 2921 ,
1963 2845 2228 2904 morta-

194 2943 342 3010 lium
374 2945 621 3028 ullum,
666 2945 776 3011 cui
802 2967 925 3012 sua
953 2967 1095 3012 non
1124 2941 1405 3012 ferenda
1429 2942 1766 3010 calamitas
1800 2939 2058 3008 fuerit?
