2813 4770
1161 423 1358 479 ·.“·“.““.“
1440 415 1621 474 ΧἮῌ
1706 423 1903 468 ······.·.··

493 559 791 630 cultores
829 557 1092 652 fuerint
1105 553 1144 642 ,'
1168 563 1455 634 maximi
1496 563 1825 637 facientes
1868 574 1939 632 et
1974 573 2355 632 coementes
2380 561 2585 650 cupi·-
2618 593 2625 598 ·

469 666 807 748 ¹dissime,
850 665 1130 734 Patrum
1177 665 1803 739 Ecclesiasticorum
1846 663 1957 732 vel
1998 665 2289 732 aliorum
2330 661 2587 732 Christi

503 771 848 839 cultorum
907 767 1159 860 scripta
1220 781 1703 853 contemnunt,
1752 769 1977 838 illecta
2020 761 2401 860 reponunt,
2440 757 2584 832 imo

463 942 468 950 ,
497 867 818 958 ludibrio⁸
837 871 1089 954 habent
1102 919 1127 956 ,
1173 872 1368 959 qu'a'si
1395 873 1860 942 Christianum
1887 869 2099 940 fuisse
2122 869 2193 938 et
2214 870 2591 938 barbarum

498 991 721 1042 unum
744 975 1198 1066 idemquesit.
1245 973 1441 1064 Quin
1473 975 1701 1066 potius
1724 971 1977 1062 judicio
2010 972 2327 1040 Censoris
2354 972 2589 1038 Arno-
2636 971 2641 976 ’

495 1071 593 1143 hii
623 1076 840 1144 nostri
869 1079 1172 1146 lenensis
1203 1075 1809 1192 intelligentissimi,
1854 1075 1939 1142 de
1963 1075 2279 1164 neglectu
2304 1075 2589 1150 Patrum
2638 1161 2641 1165 ¹

501 1179 816 1264 ecclesiae
853 1165 954 1248 tot
997 1205 1102 1248 res
1137 1179 1455 1274 egregias
1499 1179 1817 1272 lectuque
1842 1177 2293 1266 dignissimas,
2336 1177 2476 1242 imo
2506 1196 2595 1240 ex

498 1283 972 1378 reconditioris
1018 1283 1368 1352 doctrinae
1410 1276 1743 1374 thesauris
1788 1283 2039 1374 petitas
2068 1277 2589 1354 continentium,
2668 1273 2673 1280 ’

497 1385 797 1474 graviter
825 1371 1199 1474 conquesti,
1223 1397 1370 1451 toto
1397 1382 1627 1450 animo
1666 1363 1983 1452 nostrum
2006 1384 2329 1455 addentes
2357 1377 2594 1448 calcu-

497 1487 685 1569 lum,
725 1467 1601 1582 constituimus,quantu1n
1631 1485 1709 1552 in
1737 1486 1931 1554 nobis
1956 1499 2151 1570 esset,
2196 1487 2345 1566 illos
2372 1483 2458 1551 ab
2488 1505 2594 1564 eo,

501 1611 710 1684 quem
747 1589 1034 1658 minime
1077 1603 1467 1671 merentur,
1511 1589 1863 1666 vindicare
1884 1581 2324 1679 contemptu,
2360 1588 2599 1672 singu-
2666 1586 2675 1592 “

500 1690 582 1758 lis
602 1681 802 1777 liujus
834 1687 1235 1758 collectionis
1259 1691 1724 1760 voluminibus
1756 1691 2075 1760 addentes
2094 1692 2325 1778 aliqua
2358 1689 2595 1756 saltem

372 1833 384 1850 ι
437 1869 440 1876 ,
499 1789 1050 1872 Christianorum
1083 1794 1501 1892 scriptorum
1529 1795 1889 1890 opuscula,
1918 1795 2079 1862 talia
2102 1791 2375 1876 scilicet,
2420 1811 2595 1878 quae

445 1892 595 1961 ·'ad
618 1915 844 1960 mores
893 1893 1350 1966 emendandos
1375 1897 1697 1991 iacerent.

672 1995 907 2084 Ipsum
935 1997 1172 2066 Nilum
1195 1983 1390 2087 quod
1416 2000 1684 2084 attinet,
1728 1988 1890 2068 euin
1926 2023 2015 2070 ex
2044 1990 2327 2068 Antonii
2359 2009 2431 2064 et
2443 1996 2599 2064 Ma-
2660 2083 2667 2096 .

495 2093 672 2166 ximi
714 2097 1194 2179 collectaneis,
1207 2113 1388 2170 tum
1426 2102 1790 2193 praecipue
1824 2127 1865 2170 e
1892 2103 2169 2172 Ioannis
2192 2081 2601 2168 Damasceni

419 2197 426 2214 '
497 2199 849 2297 Parallelis
874 2202 1103 2283 sacris,
1147 2217 1450 2291 quorum.
1481 2227 1643 2271 usus
1668 2212 1823 2274 su'm
1854 2206 2153 2274 editione
2173 2179 2601 2290 Lequiniana
2668 2261 2673 2268 .

499 2303 812 2399 omnium
842 2305 1278 2395 plenissima,
1348 2307 1733 2401 sententias
1764 2307 1851 2374 ad
1889 2329 2257 2377 numerum
2300 2305 2427 2374 546
2466 2303 2599 2370 ad·-
2652 2390 2659 2399 ·

499 2404 716 2486 auxi,
743 2409 917 2470 cuni
972 2404 1333 2487 editiones,
1362 2431 1546 2511 quas
1595 2432 1807 2498 supra
1852 2412 2263 2493 memoravi,
2302 2408 2601 2475 habeant

497 2502 926 2571 solummodo
957 2526 1104 2601 229,
1137 2506 1368 2576 addidi
1394 2512 1617 2595 etiam,
1644 2524 1919 2605 praeter
1948 2512 2337 2581 versionem
2365 2512 2615 2605 Neanf

498 2605 612 2671 dri
658 2626 753 2671 ex·
787 2602 1287 2698 Schoningiana
1326 2614 1415 2679 al
1397 2614 1665 2702 quibus
1706 2617 1782 2682 in
1825 2613 1991 2681 locis
2041 2613 2595 2693 emendatiorem,

494 2706 943 2826 paraphrasin
979 2711 1354 2781 metricam
1412 2717 1763 2785 Michaelis
1826 2715 2121 2783 Toxitae
2177 2715 2595 2803 elegantissi-
2666 2718 2691 2725 ”

495 2828 708 2893 mam,
753 2812 950 2900 cujus
963 2810 1195 2881 libelli
1216 2816 1485 2903 perrari
1521 2817 1797 2886 titulum
1825 2817 1985 2883 vide
2008 2838 2161 2905 pag.
2200 2817 2371 2902 576.,
2416 2836 2599 2903 quae
2681 2904 2687 2911 .

501 2904 938 3000 paraphrasis
977 2912 1306 3003 incipiens
1338 2940 1379 2982 a
1412 2918 1761 3011 Sententia
1788 2910 1888 2987 2'5.
1919 2920 2237 3011 pertingit
2255 2910 2349 3003 ad
2382 2919 2593 2985 finem

502 3020 722 3100 usque
766 3010 1180 3111 collectionis
1211 3018 1541 3109 Neandri‚
1596 3022 1741 3089 sive
1778 3024 2039 3138 priores
2090 3023 2175 3089 24
2214 3020 2595 3107 sententias

493 3114 570 3180 in
609 3114 872 3182 Codice
913 3139 1040 3182 suo
1085 3142 1229 3185 non
1255 3118 1500 3213 legerit
1524 3120 1839 3201 Toxites,
1882 3123 2064 3205 sive,
2108 3126 2289 3215 quod
2318 3123 2595 3193 medere

479 3218 763 3302 malim,
825 3226 1189 3314 tanquam
1205 3222 1470 3312 spurias
1524 3230 1593 3289 'et
1628 3220 1908 3295 aliunde
1948 3224 2217 3293 adsutas
2234 3227 2595 3313 ‚rejecerit,

446 3318 677 3406 quod
689 3318 787 3384 'de
805 3320 1230 3405 quibusdam,
1245 3346 1303 3393 e.
1323 3348 1383 3395 c.
1415 3323 1768 3395 Sententia
1797 3347 1860 3395 2.
1877 3329 2042 3411 et6.‚
2072 3352 2243 3417 quae
2268 3329 2593 3443 legeban-
2670 3348 2681 3357 '

493 3431 613 3486 tur
653 3440 864 3515 snpra
916 3423 1101 3487 inter
1135 3422 1635 3511 Pythagoreas,
1679 3430 1957 3497 omnino
1999 3408 2423 3499 verissimum
2465 3444 2589 3499 est.

449 3575 455 3580 .
489 3522 572 3591 ln
607 3520 762 3588 Nilo
806 3515 1238 3606 illustrando,
1283 3529 1399 3613 qui
1438 3528 1620 3597 haud
1658 3554 1877 3625 pauca
1924 3531 2127 3601 habet
2168 3550 2253 3599 ex
2282 3533 2589 3619 antiqui-
2633 3536 2643 3540 “

437 3681 442 3684 ,
487 3612 734 3691 tatibus
777 3626 1231 3693 ecclesiasticis
1268 3632 1685 3719 explicanda,
1714 3636 2183 3726 maximopere
2208 3634 2382 3701 mihi
2413 3635 2612 3723 Ρτο-’

486 3724 619 3795 fuit
663 3728 768 3793 Jo.
816 3728 1099 3815 Caspai-i
1143 3727 1400 3799 Suiceri
1450 3735 1765 3801 nostratis
1808 3737 2203 3809 Thesaurus
2242 3736 2591 3813 Ecclesia-

485 3829 698 3895 sticus
739 3853 780 3896 e
825 3828 1132 3929 Patribus
1178 3830 1476 3900 Graecis.
1536 3834 1671 3905 Sed
1710 3840 1915 3927 plura
1943 3840 2075 3923 alia
2100 3836 2447 3907 restabant
2472 3838 2585 3905 la-

426 3942 432 3949 '
486 3931 652 4001 bore
695 3932 878 3998 haud
904 3936 1121 4023 pai-vo
1145 3933 1424 4005 aliunde
1457 3939 1951 4026 conquirenda.

619 4036 922 4141 Agmen
967 4036 1271 4120 denique
1301 4038 1631 4107 claudunt
1672 4042 2021 4136 Opuscula
2070 4044 2401 4133 quaedam
2440 4041 2583 4109 mi-

480 4156 652 4205 nora
665 4182 690 4221 ,
733 4147 812 4203 ιιι
839 4134 1180 4225 Gregorii
1217 4138 1631 4211 Nazianzeni
1675 4139 2105 4215 Monosticha
2134 4146 2432 4222 lambiea
2452 4166 2581 4235 per
