2813 4770
202 774 501 842 Consilio
540 771 804 843 factum
848 779 1317 866 praevortere,
1348 798 1437 840 ne
1466 774 1631 860 quid
1660 773 1949 854 aberres.
2034 797 2043 810 ‘

199 879 462 967 Turpia
485 889 758 967 patratu
785 894 1062 969 patrare
1077 927 1098 960 ‚
1140 877 1438 945 nefanda
1465 875 1745 966 profari,

195 980 415 1067 Ignari
443 993 581 1046 est:
625 979 734 1046 fao
755 993 868 1063 tu,
911 992 1246 1069 nequeant
1270 1002 1448 1067 quae
1473 980 1649 1046 facta
1675 983 1922 1064 dolere,

196 1081 277 1146 Et
311 1083 504 1166 quod
543 1105 687 1150 non
713 1085 946 1168 calles,
989 1083 1163 1150 nihil
1189 1083 1669 1178 incipezfiisce
1696 1079 1889 1170 quoti
1904 1103 2063 1164 usus

194 1183 458 1271 Exigit:
501 1185 674 1251 haec
717 1183 935 1253 vitam
975 1185 1104 1254 tibi
1128 1198 1288 1254 sunt
1311 1185 1622 1277 paritura
1653 1187 1941 1262 beatam.

870 1379 949 1431 v.
981 1355 1084 1429 52.
1127 1356 1268 1425 Tit.
1299 1358 1364 1426 V
1385 1365 1457 1422 et
1484 1356 1593 1428 CI.
1672 1368 1679 1378 ‘

198 1479 522 1570 Corporis
546 1482 810 1551 interea
838 1505 1188 1574 nunquam
1212 1495 1571 1551 contemne
1592 1482 1903 1551 salutem.

194 1582 294 1648 Sit
333 1584 581 1651 modus
616 1586 691 1651 in
726 1597 930 1675 potu,
978 1587 1260 1676 dapibus
1281 1636 1302 1671 ‚
1347 1587 1656 1674 duroque
1682 1585 1947 1654 labores

197 1686 404 1774 Quod
444 1687 669 1782 doleat
697 1689 955 1772 vitare,
999 1690 1278 1774 modus,
1321 1711 1438 1758 me
1460 1688 1718 1773 judice,
1764 1690 2013 1759 verus(

193 1788 490 1856 Delicias
532 1811 723 1872 arce,
769 1801 1122 1857 contentus
1145 1791 1435 1881 simplici
1466 1790 1675 1858 victu.

959 1945 1443 2030 ‘ALITER

193 2087 310 2154 Est
353 2087 628 2170 modus,
672 2087 854 2155 hunc
879 2111 1111 2169 serva,
1152 2100 1351 2178 potus
1368 2136 1387 2170 ,
1432 2085 1655 2180 dspis,
1697 2097 1902 2172 atque
1928 2087 2238 2162 laborum
2258 2118 2276 2155 ε

199 2189 426 2277 Quem
461 2191 528 2257 *si
554 2214 748 2258 nosse
771 2191 1002 2281 cupis,
1045 2191 1205 2256 mod
1215 2213 1292 2256 us
1314 2200 1454 2272 est,
1499 2183 1810 2253 nocitu'ra
1837 2211 2103 2264 cavere.

193 2290 358 2358 Esto
386 2291 517 2358 tibi
541 2315 681 2375 non
704 2296 890 2366 lauta
926 2293 1128 2362 nimis
1154 2315 1278 2360 nec
1305 2290 1579 2360 sordide
1608 2313 1865 2361 mensa.

959 2488 1022 2534 v.
1057 2464 1160 2550 57.
1201 2462 1339 2531 Tit.
1355 2435 1523 2573 X¹Ve

195 2590 710 2679 Intempestivos
736 2604 994 2659 sumtus
1029 2590 1223 2680 fuge:
1264 2614 1392 2656 nec
1413 2601 1645 2656 tamen
1678 2601 1823 2655 esto

199 2690 553 2773 Sordidus.
594 2694 675 2759 In
715 2694 974 2759 cunetis
1015 2694 1222 2760 rebus
1250 2694 1491 2760 modus
1525 2690 1783 2787 optima
1810 2713 1917 2759 res
1950 2706 2070 2765 est.
2134 2773 2141 2781 .
2234 2746 2241 2772 ,

977 2888 1047 2936 v.
1088 2865 1196 2935 40.
1237 2864 1374 2931 Tit.
1408 2862 1531 2931 HL
1560 2918 1567 2925 .

200 2987 298 3055 Ne
331 2989 536 3080 prius
566 2989 642 3056 in
667 2988 932 3057 dulcem
963 2991 1250 3059 declines
1279 2974 1546 3058 lumina·
1570 3011 1912 3070 somnum,

202 3091 435 3181 Quam
467 3092 643 3157 bene
681 3088 1060 3185 perpendas
1085 3104 1187 3160 ter
1203 3094 1423 3160 ‘totius
1453 3102 1597 3157 acta
1630 3091 1788 3174 diei,

203 3192 363 3283 Quo
433 3206 1004 3287 praetergressus,
1057 3196 1220 3284 quid
1271 3206 1538 3281 gestum
1591 3191 1667 3259 in
1722 3205 2068 3284 tempore,
2121 3194 2286 3283 quid

1263 3309 1268 3319 '
1363 3320 1526 3379 non,
2058 3312 2066 3319 ·
2158 3296 2164 3312 '

205 3398 420 3467 Lucis·
448 3400 534 3465 ab
577 3410 829 3468 exortu
858 3400 1254 3492 supremam
1273 3400 1359 3467 a'd
1389 3399 1694 3489 vesperis
1719 3400 1984 3467 horam.

207 3500 591 3571 Tristitiam
637 3503 866 3570 curvis
885 3502 1223 3594 'impende
1253 3516 1320 3569 et
1341 3503 1586 3591 gaudia
1614 3504 1840 3573 rectis.

616 3696 690 3741 v·
714 3672 820 3761 47.
863 3675 1185 3763 Excerpt.
1213 3674 1296 3741 de
1317 3674 1401 3741 R.
1427 3674 1509 3743 N.
1537 3673 1677 3739 Tit.
1704 3670 1885 3739 XIII.

206 3800 333 3867 Per
383 3801 504 3890 qu‘i
530 3801 994 3889 Bisgeminum
1019 3812 1285 3868 nostrae
1313 3786 1509 3869 orsus
1537 3798 1805 3870 tradere
1829 3798 2041 3865 menti

209 3903 514 3971 Naturae
549 3916 870 3973 aeternae
889 3902 1172 3975 fontem.

987 4116 1058 4159 v.
1085 4091 1185 4162 54.
1228 4092 1361 4163 Tit.
1390 4092 1505 4160 Iv.
1525 4134 1539 4152 ,

219 4216 452 4289 N⁰¹¹¹¹0
482 4220 731 4306 Vid⁶⁸r
749 4220 827 4287 ¹st
849 4229 1088 4312 sponte
1114 4236 1236 4286 sua
1260 4218 1389 4287 sibi
1416 4216 1697 4308 quisque
1722 4213 1995 4283 ruinam
2091 4212 2099 4221 ‘
2134 4210 2145 4226 '
