2813 4770
829 434 1516 499 ——191—---·

308 557 678 697 Cleobulus,
734 583 793 650 si
832 581 1149 650 dominus
1204 583 1434 671 plures
1461 582 1706 650 habeat
1741 587 1869 650 sui
1891 601 2232 670 amantes,

164 705 337 770 quam
373 659 771 752 metuentes.

303 805 587 872 Pittacus
634 805 961 895 optimam
1008 829 1149 870 esse
1181 805 1462 878 domum
1494 807 1701 888 dixit,
1747 829 1950 894 quae,
1997 823 2073 876 ut
2108 811 2215 876 di-

161 905 314 971 vitiis
340 929 473 998 non
492 908 815 988 abundet,
833 908 1025 996 n'ulla
1050 921 1276 974 tamen
1294 922 1369 974 re
1396 912 1772 977 necessaria
1789 911 2211 980 destituatur.

302 1028 491 1094 Chilo
522 1025 800 1109 censuit,
832 1027 1113 1092 domum
1140 1029 1385 1093 deheie
1406 1053 1744 1123 perquam
1758 1054 1895 1098 esse
1925 1033 2216 1100 similem

158 1128 238 1194 rei
276 1131 569 1219 publicae
593 1119 1182 1218 regiaepotestati
1188 1131 1549 1217 subjectae.
1586 1134 1836 1200 Postea
1867 1136 1996 1200 hoc
2026 1139 2217 1222 adje-

158 1234 257 1314 cit,
295 1235 685 1320 Lycurgum
730 1231 984 1314 dixisse
1021 1233 1125 1314 εις]
1138 1235 1520 1317 quendam,
1569 1236 1680 1300 cni
1709 1237 2212 1306 administratio

156 1337 465 1423 popularis
492 1338 567 1402 in
592 1334 933 1400 civitatem
964 1336 1462 1402 introducenda
1491 1359 1635 1402 esse
1655 1339 2016 1408 „videretur
2036 1366 2056 1407 ε·
2100 1347 2211 1411 Τιι
2319 1353 2324 1357 ’

154 1440 315 1534 prius
351 1441 562 1506 talem
602 1438 809 1504 facito
839 1437 1492 1505 administrationem
1526 1441 1709 1506 domi
1744 1455 1917 1507 tuae·
1959 1440 1969 1452 ’
2189 1437 2206 1466 ³

320 1626 829 1720 Sententiae
884 1625 1369 1692 eorundem
1432 1627 1526 1694 ‹le
1581 1630 2042 1720 republica.
2107 1617 2120 1652 ⁷
2176 1685 2182 1695 .
2230 1659 2244 1676 =

911 1745 1466 1834 (Ibid.p.152.)

293 1859 497 1973 Quod
538 1884 595 1948 si
643 1907 829 1950 nunc
875 1884 1115 1966 etiam,
1172 1881 1399 1968 inquit
1443 1864 1690 1963 Solon,
1735 1865 1822 1950 de
1861 1890 2216 1976 republica

154 1986 373 2072 aliquid
414 1987 585 2054 libet
630 1985 902 2068 audire,
948 2003 1025 2052 ea
1068 1987 1237 2054 mihi
1288 1985 1526 2051 civitas
1565 1985 1844 2052 videtur
1869 1991 2211 2077 perbeata‚

150 2102 210 2155 et
241 2090 579 2180 popularis
617 2089 1219 2188 administrationis
1265 2086 1524 2176 optima
1565 2093 2068 2174 conservatrix,
2137 2097 2214 2161 in
2328 2130 2337 2141 ι

150 2211 262 2274 qua
288 2192 503 2258 illaesi
540 2213 677 2257 non
716 2193 943 2258 minus
984 2209 1195 2277 quam
1238 2187 1402 2258 laesi
1453 2190 1802 2318 improbos
1835 2179 1970 2258 de
1950 2198 2213 2281 1njuriis
2255 2259 2264 2276 ,

148 2295 459 2380 postulant
502 2306 569 2359 et
596 2303 815 2382 poena
847 2295 1162 2360 multant.

290 2416 434 2483 Bias
461 2416 773 2483 secundo·
790 2414 945 2481 loco
962 2416 1295 2504 optimum
1332 2436 1474 2481 esse
1505 2415 1678 2481 dixit
1705 2385 1946 2494 statum
1983 2444 2215 2517 popu..

148 2516 368 2599 larem,
411 2521 487 2585 in
522 2542 658 2607 quo
692 2518 873 2585 cives
902 2518 1375 2585 universimon
1409 2520 1606 2587 aliter
1629 2500 1844 2605 legem
1882 2538 2212 2613 metuant,

151 2642 323 2705 quam
358 2635 754 2710 tyrannum.
1359 2672 1361 2679 .
1610 2646 1632 2683 x

290 2725 477 2791 Infra
518 2724 704 2789 hunc
740 2718 1043 2803 assidens
1087 2722 1335 2789 Thales
1392 2744 1588 2787 eam
1608 2724 1930 2818 laudavit'-
1967 2726 2213 2795 civita-

148 2836 296 2907 tem,
346 2849 523 2913 quae
564 2827 747 2893 cives
793 2824 1081 2891 haberet
1124 2848 1250 2890 neo
1294 2828 1742 2913 praedivites,
1798 2849 1926 2891 neo
1970 2839 2212 2900 tenues

147 2928 429 3000 nimium.

293 3034 450 3099 Post
494 3032 680 3099 huno
706 3014 1157 3113 Anacharsis,
1202 3052 1393 3114 eam,
1437 3030 1510 3097 in
1541 3052 1677 3117 qua
1708 3053 1864 3099 cum
1897 3038 2160 3103 cetera
2138 3062 2214 3105 m

147 3136 413 3220 quadam
453 3134 856 3223 aequalitate
896 3147 1355 3222 ponerentur,
1398 3135 1686 3201 virtutes
1731 3134 1817 3199 ad
1843 3134 2052 3231 finem
2081 3140 2216 3209 bo·-

148 3258 369 3305 norum
388 3288 409 3320 ,
453 3237 620 3304 vitia
646 3238 727 3302 ad
758 3238 1097 3305 malorum
1130 3236 1578 3329 referrentur,

294 3342 561 3430 Quinto
589 3341 737 3407 loco
756 3338 1119 3407 Cleobulus
1142 3336 1233 3403 ibi
1250 3338 1345 3402 ait
1370 3341 1702 3441 populum
1731 3340 2028 3407 maxime
2051 3364 2212 3407 mo·-

148 3440 433 3509 dei-atum
464 3466 631 3527 esse,
646 3441 769 3508 ubi
809 3442 985 3509 cives
1014 3440 1224 3527 magis
1250 3444 1850 3531 reprehensionem
1884 3455 2209 3540 metuant,

144 3566 329 3630 quam
354 3549 553 3635 leges.

296 3650 591 3717 Pittacus
630 3658 819 3715 sexto
846 3647 999 3714 loco
1018 3694 1037 3727 ,
1081 3646 1253 3711 ubi
1234 3668 1572 3757 imperare
1601 3646 1928 3737 improbis
1957 3670 2098 3715 non
2118 3648 2208 3714 li·-

144 3761 309 3832 ceat,
350 3750 470 3817 sed
516 3752 680 3817 viris
709 3749 902 3818 bonis
930 3752 1154 3816 liceat.

296 3854 499 3920 Chilo
546 3852 631 3919 ab
676 3852 809 3918 hoc
856 3852 1246 3919 dissentiens
1300 3874 1450 3918 eam
1491 3844 1989 3941 rempublicam
2029 3850 2207 3941 opti--

142 3974 307 4023 mam
356 3978 499 4022 esse
539 3956 1011 4044 pronuntiavit
1024 3964 1071 4039 ,‘
1118 3976 1293 4043 quae
1332 3956 1756 4045 potissimum
1794 3956 2011 4043 leges,
2069 3954 2211 4021 mi·

145 4054 310 4121 nime
334 4068 643 4127 oratores
668 4059 952 4127 audiret.

292 4160 679 4229 Periander·
704 4164 954 4230 iterum
996 4175 1344 4253 postremo
1372 4164 1522 4230 loeo
1547 4158 1997 4255 comprobans
2027 4160 2204 4229 alia-
