2813 4770
1224 451 1909 518 ...a-256*-

705 619 847 688 144.
892 620 1135 686 Melius
1178 634 1279 688 est
1316 618 1614 708 lapidem
1643 619 1899 686 frustra
1935 619 2178 704 jacere,
2212 637 2419 702 quam
2437 635 2594 680 sver-

378 759 396 778 =
484 781 497 794 ,
534 720 724 785 1111111.
771 722 1103 824 Delibera,
1134 735 1512 810 antequam
1541 722 1760 803 dicas,
1801 745 1910 804 ne,
1937 742 2112 808 quae
2135 741 2277 786 non
2307 715 2596 806 expedit,

532 821 727 888 dicas.
790 799 1041 891 ¹Verba
1032 825 1191 891 31110
1221 847 1424 900 3011311
1453 809 1847 918 opprobria.

712 924 847 992 145.
890 925 1273 994 Verbositas
1306 950 1446 992 non
1479 925 1753 1012 effugiet
1781 936 2158 1014 peceatum.

707 1025 853 1090 146.
895 1030 1133 1095 Brevis
1166 1042 1266 1095 est
1293 1031 1367 1096 in
1395 1026 1820 1093 sermonibus
1849 1025 2136 1116 sapiens,

710 1128 856 1212 147.
900 1111 1235 1198 Indicium
1288 1128 1670 1218 imperitiae
1697 1130 1900 1216 longa
1925 1125 2280 1244 narratio.

708 1233 853 1309 148.
900 1233 1271 1300 Veritatem
1318 1234 1540 1335 dilige.

708 1334 854 1422 149.
894 1335 1244 1402 Mendacio
1288 1329 1605 1422 tanquam
1647 1356 1912 1426 veneno
1943 1343 2158 1397 utere.

710 1435 855 1503 150.
901 1439 1081 1503 Ante
1112 1440 1341 1504 omnia
1373 1437 1637 1526 tempus
1668 1435 1892 1500 verbis
1923 1433 2054 1499 11113
2093 1429 2450 1517 requirito.

709 1541 853 1606 151.
900 1541 1077 1606 Tum
1124 1540 1439 1628 loquere,
1499 1538 1768 1626 quando
1811 1549 2029 1602 tacere
2067 1539 2209 1599 11011
2238 1529 2542 1622 expedit.

711 1643 849 1707 152.
896 1644 1000 1707 De
1026 1640 1321 1726 quibua'
1296 1661 1568 1726 ignoras
1593 1655 1777 1725 tace,
1821 1640 1906 1705 de
1927 1635 2174 1726 quibus
2205 1643 2443 1703 autem
2473 1629 2616 1700 cer-

534 1757 645 1812 tus
676 1767 787 1838 03,
832 1745 1111 1829 loquere
1142 1756 1932 1833 opportune..

712 1839 851 1915 155.
895 1845 1136 1914 Sermo
1168 1860 1368 1916 extra
1393 1859 1662 1936 tempus
1676 1817 2001 1911 indicium
2021 1841 2394 1911 malitiosae
2419 1861 2618 1924 men·-

534 1950 619 2018 tis
648 1961 768 2016 est.
836 1973 841 1978 ’
916 2005 925 2015 .

680 2049 855 2116 154.
897 2051 979 2117 111
1018 2014 1359 2116 conventu
1386 2073 1474 2116 ne
1503 2063 1758 2140 satagas
1788 2043 2090 2139 primum
2121 2047 2368 2113 dicere.

714 2155 849 2220 155;
892 2153 1134 2220 Melius
1162 2165 1262 2217 est
1290 2151 1472 2220 vinci
1503 2177 1666 2222 vera
1689 2153 2023 2221 dicentem
2038 2199 2059 2235 ,
2103 2173 2314 2239 quam
2346 2149 2621 2215 vincere
2738 2167 2740 2172 ·

534 2259 991 2323 mentientem.

716 2346 861 2423 156.
904 2356 1103 2423 Fides
1129 2367 1319 2426 actus
1344 2364 1500 2425 tuos
1527 2375 1760 2449 omnes
1787 2356 2167 2449 praecedat.

717 2458 862 2543 157.
906 2460 1251 2548 Sapientia
1276 2462 1576 2527 animam
1606 2457 1922 2549 perducit
1947 2457 2031 2525 ad
2067 2458 2291 2522 deum.

720 2560 863 2627 158.
902 2562 1089 2629 Nihil
1106 2574 1245 2629 tam
1273 2586 1401 2629 ver
1402 2564 1720 2627 naculum
1739 2560 2106 2665 sapientiae
2133 2580 2341 2646 quam
2355 2558 2624 2626 veritas.

720 2664 865 2753 159:
906 2652 1269 2753 Nunquam
1312 2676 1537 2754 potest
1582 2664 1810 2730 anima
1847 2660 2046 2730 bona·
2060 2660 2502 2729 mendacium
2529 2660 2626 2727 di·

542 2770 589 2842 li
636 2790 771 2835 ere.

590 2792 635 2859 g
717 2872 861 2938 160.
906 2872 1123 2938 Pravo
1168 2881 1233 2935 et
1274 2840 1560 2958 pessimo
1591 2870 1862 2959 ingenio
1895 2868 2061 2935 fides
2091 2866 2307 2932 aliena
2321 2874 2461 2928 est.

622 2989 656 3038 .·
715 2972 853 3041 161.
896 2972 1143 3037 Fidelis
1178 2971 1386 3037 homo
1415 2972 1652 3039 audire
1685 2994 1861 3059 quae
1887 2981 2160 3062 oportet
2183 2980 2371 3035 amat
2395 2967 2626 3055 magis,

545 3097 751 3163 quam
796 3074 1021 3147 dicere
1048 3096 1222 3160 quae
1250 3098 1389 3141 non
1423 3087 1711 3163 oportet.
1763 3114 1772 3121 ·
2339 3100 2344 3107 ·

714 3178 863 3243 162.
906 3177 1033 3246 Vir
1062 3177 1465 3243 libidinosus
1496 3176 1582 3240 ad
1611 3175 1843 3261 omnia
1871 3176 2127 3243 inutilis
2161 3184 2282 3240 est.

726 3277 869 3343 165.
914 3279 1530 3367 Irreprehensibilis
1575 3279 1648 3343 in
1687 3277 1940 3359 verbis,
1985 3279 2202 3343 utitur
2229 3277 2386 3341 deo.

720 3379 864 3445 164.
907 3380 1190 3447 Peccata
1230 3379 1638 3447 discentium
1672 3380 2034 3469 opprobria
2061 3391 2224 3445 sunt
2249 3378 2625 3444 doctorum.

676 3482 865 3553 1165.
911 3484 1173 3553 Mortui
1206 3497 1367 3554 sunt
1395 3484 1582 3587 apud
1611 3483 1844 3565 deum,
1885 3504 2010 3571 per
2041 3504 2208 3609 quos
2233 3502 2496 3546 nomen
2525 3477 2626 3545 dei

545 3583 991 3651 maledicitur.

724 3685 863 3751 166.
912 3687 1193 3775 Sapiens
1224 3688 1434 3753 homo
1462 3685 1806 3757 beneficus
1836 3694 1991 3773 post
2011 3684 2252 3751 deum.

726 3786 865 3870 167.
911 3788 1277 3862 Sermones
1314 3791 1416 3855 tui
1442 3791 1666 3897 vitam
1697 3802 1890 3855 tuam
1917 3786 2404 3855 commendent
2431 3786 2628 3853 audi·-

546 3886 833 3955 toribus.
2615 3908 2624 3915 ·

729 3990 882 4062 168.-
915 3993 1120 4084 Quod
1161 3992 1341 4059 fieri
1360 4016 1503 4061 non
1547 3991 1774 4085 decet,
1817 4014 2038 4151 neque
2067 3992 2144 4059 in
2181 3959 2626 4083 suspicionem

552 4070 821 4173 veniat,
861 4095 1055 4179 quasi
1105 4095 1175 4161 id
1206 4095 1470 4163 feceris.

628 4194 631 4197 ’
732 4195 871 4285 169.
918 4197 1125 4287 Quod
1164 4197 1315 4289 pati
1340 4220 1484 4269 11011
1511 4195 1616 4267 vis
1641 4197 1739 4264 ab
1739 4196 1919 4285 alio,
1959 4142 2186 4289 neque
2211 4195 2287 4263 id
2319 4194 2554 4284 faciae.

992 4378 1166 4447 s
1733 4453 1740 4457 ¹
1917 4392 1948 4411 .
